2996 4384
643 341 815 400 DAPHNE
1130 355 1196 428 145

249 528 334 589 “Da
349 527 429 590 mihi
446 535 616 609 perpetua,
634 527 766 608 genitor
780 527 981 605 carissime,''
1000 529 1089 606 dixit,

188 658 220 711 35
249 640 466 722 “virginitate
482 639 557 702 frui.
606 640 708 702 Dedit
724 641 786 703 hoc
801 653 896 722 pater
912 650 989 705 ante
1008 642 1169 705 Dianae.”

249 752 310 815 Ille
330 752 463 835 quidem
488 751 690 834 obsequitur.
746 752 813 816 Sed
838 762 871 817 te
898 754 998 817 decor
1025 754 1088 818 iste
1109 754 1198 837 quod

333 874 431 947 optas

247 997 320 1040 esse
335 986 435 1054 vetat,
452 987 597 1060 votoque
613 987 670 1042 tuo
687 988 745 1042 tua
761 978 870 1042 forma
886 989 1062 1061 repugnat.

292 1089 445 1153 Phoebus
462 1100 552 1153 amat
567 1089 724 1173 visaeque
740 1093 831 1172 cupit
848 1091 991 1154 conubia
1009 1094 1182 1174 Daphnes,

247 1203 402 1286 quodque
415 1204 516 1284 cupit,
530 1212 643 1284 sperat
655 1224 661 1279 ;
679 1223 805 1285 suaque
817 1203 909 1266 illum
922 1204 1056 1267 oracula
1066 1204 1194 1268 fallunt

187 1333 220 1381 40
248 1317 362 1399 thue
377 1315 467 1380 leves
483 1316 626 1398 stipulae
642 1317 786 1397 demptis
803 1316 977 1379 adolentur
992 1318 1110 1392 aristis,

246 1438 283 1491 ut
299 1428 429 1492 facibus
445 1448 564 1510 saepes
581 1428 708 1503 ardent,
727 1448 810 1510 quas
826 1427 913 1491 forte
930 1428 1035 1492 viator

246 1541 299 1604 vel
316 1541 413 1606 nimis
430 1541 577 1604 admovit
592 1539 645 1604 vel
661 1539 727 1603 iam
744 1539 806 1603 sub
822 1540 895 1604 luce
911 1541 1051 1623 reliquit,

246 1653 293 1717 sic
308 1655 391 1717 deus
406 1653 441 1716 in
456 1654 608 1716 flammas
624 1652 713 1728 abiit,
731 1653 778 1716 sic
794 1663 928 1734 pectore
945 1663 1015 1717 toto

247 1767 351 1829 uritur
366 1775 400 1830 et
415 1765 560 1830 sterilem
576 1766 743 1847 sperando
760 1766 863 1828 nutrit
880 1786 1035 1829 amorem.

187 1899 218 1952 45
248 1879 387 1960 Spectat
402 1879 573 1943 inornatos
590 1877 673 1943 collo
691 1878 837 1960 pendere
854 1878 1002 1960 capillos,

246 2001 289 2067 et,
308 1996 326 2023 “
337 1991 436 2073 Quid,
454 1993 481 2054 si
497 1991 694 2054 comantur?
706 1991 729 2015 ’''
741 1991 796 2053 ait.
835 1991 937 2053 Videt
953 1990 1031 2072 igne
1047 1990 1199 2054 micantis
1217 2000 1304 2059 Apono

246 2102 409 2166 sideribus
422 2103 537 2166 similis
553 2103 685 2178 oculos;
708 2103 799 2166 videt
811 2102 933 2179 oscula,
951 2123 1036 2185 quae
1052 2123 1117 2166 non

246 2226 297 2279 est
312 2215 435 2280 vidisse
451 2216 550 2292 satis;
575 2215 689 2278 laudat
705 2215 892 2298 digitosque
909 2235 1093 2298 manusque

245 2328 468 2410 bracchiaque
484 2337 517 2391 et
533 2328 640 2391 nudos
656 2327 765 2390 media
780 2327 857 2409 plus
874 2336 968 2408 parte
984 2327 1144 2404 lacertos;

188 2467 221 2522 50
247 2441 274 2505 si
290 2462 356 2524 qua
372 2441 486 2516 latent,
504 2439 641 2503 meliora
657 2448 760 2521 putat.
809 2439 911 2520 Fugit
927 2439 1015 2502 ocior
1031 2459 1111 2502 aura

246 2554 303 2618 illa
317 2555 390 2629 levi,
405 2573 514 2636 neque
530 2552 572 2614 ad
588 2552 671 2615 haec
688 2550 875 2615 revocantis
892 2551 994 2615 verba
1010 2551 1154 2615 resistit:

248 2672 266 2700 “
278 2666 448 2753 Nympha,
475 2684 602 2746 precor,
630 2664 740 2740 Penet‚
767 2684 874 2728 mane.
939 2664 1017 2726 Non
1042 2663 1199 2747 insequor

333 2778 448 2843 hostis.

166 2953 170 2962 ,
248 2877 418 2978 Nympha,
458 2909 565 2953 mane.
643 2888 698 2953 Sic
730 2874 822 2970 'agna
858 2889 984 2970 lupum,
1020 2890 1067 2952 sic
1100 2909 1199 2952 cerva

334 3005 473 3080 leonem,

248 3117 294 3181 sic
311 3116 456 3200 aquilam
472 3135 583 3198 penna
599 3113 734 3196 fugiunt
749 3113 938 3195 trepidante
955 3113 1138 3190 columbae,

289 3313 328 3367 35.
351 3305 453 3364 pater:
483 3301 523 3350 i.e.
545 3300 615 3364 Jove.
660 3298 700 3362 36.
724 3299 833 3348 decor:
858 3315 941 3363 grace.
986 3312 1027 3360 40.
1052 3299 1196 3360 stipulae:

247 3386 343 3444 stubble,
352 3383 493 3433 whichwas
502 3383 576 3432 bumt
585 3381 699 3430 asterthe
708 3381 807 3430 harvest
815 3396 865 3430 was
873 3381 1196 3444 gatheren-demptts:

248 3468 312 3516 from
348 3467 377 3515 de
391 3473 415 3522 4
430 3463 717 3515 emo—adolenturt
755 3466 777 3512 is
805 3465 936 3513 burnt.—
950 3463 1068 3514 mistis:
1108 3466 1198 3528 grain.

247 3564 288 3612 41.
306 3562 428 3610 saepen:
447 3549 539 3612 hedges.
572 3561 612 3610 42.
632 3549 689 3597 sub
700 3548 786 3597 luce:
804 3555 833 3595 at
847 3547 978 3611 daybreak,
990 3547 1065 3596 when
1078 3546 1122 3595 the
1135 3563 1198 3610 way·

248 3633 312 3682 farer
324 3631 407 3681 would
424 3637 461 3680 set
479 3630 545 3680 forth
557 3631 641 3694 again,
652 3630 752 3693 leaving
762 3628 806 3678 the
821 3630 864 3678 tire
879 3629 908 3678 of
921 3629 965 3679 the
978 3629 1050 3692 night
1062 3628 1112 3678 still
1124 3629 1199 3677 burn·

248 3717 299 3779 ing.
348 3714 389 3776 46.
405 3718 581 3765 comantur:
609 3730 675 3762 were
694 3712 1034 3777 arranged—micantis:
1059 3712 1199 3776 sparkling.

247 3810 288 3863 47.
306 3798 428 3848 oscula:
446 3797 503 3861 lips.
539 3809 578 3862 50.
595 3796 696 3846 oolor:
714 3795 817 3860 supter.
