2996 4384
334 329 401 400 132
535 321 787 379 SELECTIONS
817 322 935 379 FROM
966 322 1070 379 OVID

374 505 463 586 finge
479 505 539 568 sed
554 505 724 569 immensis
741 505 895 569 censibus
911 525 984 570 esse
1000 505 1098 588 paris,

136 621 222 667 Ficklo
331 638 453 699 nempe
469 618 527 681 dat
542 627 576 681 et
591 617 788 700 cuicumque
804 617 883 681 libet
898 619 1033 681 fortuna
1050 618 1210 701 rapitque,

375 731 449 792 Irus
465 740 498 793 et
514 739 565 794 est
581 730 690 794 subito
706 732 762 813 qui
778 731 877 794 modo
894 731 1038 794 Croesus
1055 741 1134 794 erat.
1308 753 1339 799 40

329 841 470 924 Singula
486 842 565 925 quid
582 843 748 906 referam?
795 844 852 906 Nil
868 864 935 907 non
952 845 1090 907 mortale
1105 853 1258 907 tenemus

372 955 516 1036 pectoris
533 957 679 1037 exceptis
696 954 888 1039 ingeniique
904 956 1008 1020 bonis

329 1068 382 1130 En
399 1088 471 1149 eg0,
491 1087 566 1131 cum
583 1068 691 1148 patria
707 1089 838 1131 caream
855 1069 1015 1151 vobisque
1031 1069 1206 1152 domoque,
1235 1145 1238 1154 ὁ

136 695 245 743 Fortuna

371 1189 532 1262 raptaque
549 1179 616 1244 sint
631 1180 732 1244 adimi
748 1201 833 1263 quae
850 1190 989 1264 potuere
1005 1181 1094 1258 mihi,

326 1291 462 1374 ingenio
477 1300 590 1355 tamen
606 1292 679 1376 ipse
695 1314 769 1357 meo
786 1293 990 1376 comitorque
1007 1295 1183 1376 fruorque;
1306 1312 1337 1365 45

371 1405 496 1470 Caesar
511 1404 545 1467 in
560 1406 624 1469 hoc
641 1405 748 1488 potuit
764 1405 843 1468 iuris
860 1406 983 1469 habere
1000 1406 1089 1468 nihil.

135 1523 213 1608 name
329 1516 479 1598 Quilibet
494 1517 581 1580 hanc
598 1538 696 1581 saevo
712 1518 815 1581 vitam
831 1518 912 1581 mihi
928 1517 1019 1581 finiat
1035 1539 1124 1596 ense,

133 1598 291 1721 πρωῒ
373 1649 426 1692 me
441 1638 554 1692 tamen
570 1629 731 1694 exstincto
747 1631 838 1693 fama
855 1640 1025 1712 superstes
1041 1631 1119 1707 erit;

133 1750 217 1796 neatn
329 1741 473 1823 dumque
490 1741 558 1805 suis
575 1751 704 1825 septem
720 1743 837 1807 victrix
852 1743 894 1806 de
910 1743 1079 1806 montibus
1095 1743 1209 1817 orbem

372 1853 553 1936 prospiciet
568 1854 729 1918 domitum
748 1855 869 1918 Martia
888 1857 1004 1932 Roma,
1022 1857 1123 1938 legar.
1307 1871 1338 1926 50

326 1967 379 2028 Tu
396 1986 537 2049 quoque,
555 1986 654 2048 quam
671 1967 770 2030 studii
788 1978 920 2031 maneat
936 1968 1064 2031 felicior
1078 1989 1167 2045 usus,

370 2077 485 2159 effuge
500 2087 667 2156 venturos,
685 2100 751 2162 qua
767 2089 872 2161 potes,
890 2100 995 2162 usque
1011 2101 1120 2162 rogos.

736 2347 872 2374 -aoo—

427 2557 612 2630 XXXIV.
651 2559 784 2630 OVID
815 2559 906 2630 lLL
932 2559 1006 2630 AT
1033 2560 1181 2631 TOMI

332 2749 428 2811 Haec
445 2768 519 2812 mea
535 2749 563 2811 si
578 2769 658 2813 casu
675 2749 803 2813 miraris
820 2751 963 2832 epistula
979 2772 1096 2833 quare

374 2858 509 2923 alterius
524 2861 636 2942 digitis
652 2862 776 2943 scripta
792 2861 843 2938 sit,
862 2883 962 2944 aeger
978 2883 1078 2926 eram.

330 2973 445 3054 Aeger
460 2971 494 3034 in
511 2974 665 3036 extremis
681 2974 787 3066 ignoti
803 2974 954 3056 partibus
972 2976 1060 3039 orbis

372 3085 585 3167 incertusque
601 3106 696 3149 meae
712 3106 820 3168 paene
836 3087 952 3151 salutis
968 3109 1067 3152 eram.

330 3196 420 3279 Quid
437 3197 517 3259 mihi
533 3218 623 3261 nunc
640 3197 743 3260 animi
758 3199 829 3261 dira
844 3202 981 3282 regione
998 3200 1120 3265 iacenti
1322 3217 1336 3270 5

372 3309 458 3372 inter
475 3309 690 3373 Sauromatas
706 3331 781 3374 esse
798 3313 968 3394 Getasque
984 3314 1105 3394 putes?

330 3422 403 3484 Nec
419 3423 549 3485 caelum
567 3423 676 3504 patior
691 3443 753 3487 nec
770 3425 865 3506 aquis
881 3425 1093 3489 adsuevimus
1110 3428 1190 3502 istis,

372 3543 526 3616 terraque
541 3536 653 3598 nescio
669 3556 735 3618 quo
751 3557 818 3600 non
834 3537 944 3618 placet
959 3539 1032 3619 ipsa
1048 3539 1154 3602 modo,

331 3647 408 3710 Non
425 3647 542 3710 domus
559 3657 638 3729 apta
654 3650 744 3724 satis,
762 3670 829 3711 non
846 3649 899 3713 hic
916 3651 1009 3713 cibus
1025 3652 1114 3715 utilis
1131 3672 1240 3733 aegro,

373 3759 484 3822 nullus
500 3760 680 3842 Apollinea
696 3762 752 3844 qui
768 3762 855 3826 levet
870 3772 941 3826 arte
957 3765 1099 3840 malum;
1308 3780 1338 3815 10
