2988 4388
459 365 666 423 LATONA'S
696 363 923 422 HARDSHIPS

212 547 316 610 altera
334 547 434 611 solari
451 547 604 612 miseram
622 557 742 611 conata
758 555 930 628 parentem

212 660 371 723 conticuit
389 661 507 738 subit0,
527 661 762 742 duplicataque
778 660 915 723 vulnere
931 679 1030 723 caeco
1046 667 1105 723 est

215 774 310 837 Haec
326 774 451 836 frustra
468 774 602 856 fugiens
620 772 815 846 conlabitur,
833 771 888 834 illa
904 771 1008 835 sorori

122 877 125 884 ⁴
212 886 413 963 immoritur;
439 887 519 949 latet
536 887 627 962 haec,
646 885 736 947 illam
752 883 919 966 trepidare
934 883 1074 947 videres.

158 1021 203 1074 150
257 999 389 1081 Sexque
404 999 490 1062 datis
508 999 573 1062 leto
590 997 786 1079 diversaque
801 997 940 1059 vulnera
956 995 1072 1077 passis,

213 1111 329 1174 ultima
344 1112 509 1189 restabat;
533 1132 634 1194 quam
650 1121 720 1175 toto
737 1131 875 1194 corpore
891 1121 1006 1188 mater,

212 1233 282 1287 tota
297 1235 389 1288 veste
405 1232 533 1307 tegens,
554 1227 697 1290 “Unam
715 1224 954 1307 minimamque
970 1225 1137 1307 relinque!

215 1337 267 1400 De
284 1337 395 1399 multis
412 1337 583 1400 minimam
600 1337 734 1420 posc0‚”
752 1337 916 1412 clamavit,
936 1342 998 1401 “et
1014 1337 1145 1400 unam.''

214 1449 370 1531 Dumque
383 1457 487 1531 rogat,
502 1471 562 1531 pro
578 1471 643 1532 qua
660 1457 756 1532 rogat
769 1449 897 1513 occidit.
941 1449 1034 1514 Orba
1046 1450 1169 1513 resedit

156 1582 202 1635 155
213 1562 373 1625 exanimis
388 1564 474 1624 inter
490 1572 586 1626 natos
602 1572 764 1644 natasque
779 1561 961 1644 virumque,

175 1737 178 1740 .
214 1674 424 1756 deriguitque
441 1675 545 1738 malis.
584 1675 702 1738 Nullos
719 1682 831 1738 movet
846 1695 927 1737 aura
942 1675 1090 1756 capillos

213 1787 247 1847 in
263 1786 357 1848 vultu
374 1787 464 1849 color
480 1795 532 1850 est
547 1786 618 1850 sine
636 1788 809 1868 sanguine,
828 1787 952 1850 lumina
969 1786 1104 1850 maestis

214 1907 303 1961 stant
320 1897 456 1962 immota
472 1898 576 1980 genis,
595 1899 677 1961 nihil
694 1908 745 1962 est
760 1898 794 1961 in
811 1899 956 1981 imagine
971 1901 1092 1962 vivum.

216 2011 295 2091 Ipsa
312 2031 443 2093 quoque
460 2013 597 2074 interius
614 2031 689 2074 cum
706 2012 789 2074 duro
805 2012 920 2094 lingua
936 2013 1048 2094 palato

158 2131 203 2181 160
215 2124 379 2205 congelat,
397 2133 430 2186 et
445 2143 552 2186 venae
568 2124 732 2187 desistunt
749 2145 848 2206 posse
864 2124 998 2188 moveri.

216 2236 288 2299 Nec
305 2211 393 2299 flecti
410 2238 526 2311 cervix,
544 2256 606 2299 nec
622 2236 778 2300 bracchia
794 2237 932 2301 reddere
948 2247 1067 2312 motus,
1185 2239 1237 2289 8¹³0

215 2368 276 2411 nec
289 2368 349 2428 pes
361 2350 408 2411 ire
425 2358 544 2431 potest,
558 2349 645 2411 intra
661 2370 793 2431 quoque
804 2349 933 2414 viscera
949 2369 1064 2412 saxum
1082 2360 1141 2413 est.
1183 2317 1298 2439 ἔριπ’

260 2461 336 2524 Flet
351 2469 473 2536 tamen,
491 2470 524 2524 et
539 2461 640 2523 validi
657 2462 860 2524 circumdata
875 2461 1006 2524 turbine
1022 2460 1113 2524 venti

215 2573 248 2635 in
266 2572 408 2654 patriam
424 2583 520 2654 rapta
536 2582 595 2636 est.
644 2573 696 2636 Ibi
713 2574 776 2636 lixa
792 2575 963 2637 cacumine
980 2573 1101 2637 montis

158 2694 204 2760 165
216 2685 359 2766 liquitur,
376 2694 410 2748 et
426 2686 578 2749 lacrimas
593 2685 693 2749 etiam
710 2706 799 2749 nunc
815 2706 981 2750 marmora
996 2694 1141 2750 manant.
1212 2676 1214 2680 ¹

623 2945 759 2974 —000—

310 3164 426 3235 xm.
466 3133 731 3235 Laroun’s
761 3164 1074 3236 unnnsurps

261 3361 399 3444 Iamque
431 3361 703 3437 Chimaeriferae,
736 3381 811 3424 cum
843 3363 891 3425 sol
921 3361 1033 3444 gravis
1057 3371 1166 3426 ureret

302 3494 390 3549 arva,

214 3585 335 3649 finibus
351 3587 385 3648 in
403 3585 527 3670 Lyciae
543 3587 643 3667 longo
660 3587 723 3649 dea
738 3587 829 3650 fessa
844 3587 956 3651 labore

215 3698 343 3762 sidereo
360 3699 483 3762 siccata
499 3699 586 3762 sitim
603 3698 749 3780 conlegit
764 3699 806 3761 ab
822 3709 936 3774 aestu;
978 3725 980 3728 ·

215 3811 302 3874 forte
318 3812 427 3874 lacum
443 3810 617 3874 mediocris
634 3831 740 3896 aquae
757 3811 925 3896 prospexit
941 3811 974 3875 in
991 3811 1064 3878 imis
