2996 4384
463 337 671 395 PENELOPE
700 338 759 394 TO
790 338 955 394 ULYSSES
1128 345 1193 416 117

188 526 217 586 35
247 519 371 583 Omnia
386 540 531 602 namque
547 531 604 585 tuo
621 521 731 585 senior
747 531 779 584 te
796 540 957 603 quaerere
975 521 1074 583 misso
1117 539 1131 566 ¹»

291 633 463 696 rettulerat
479 643 558 696 nato
576 635 709 709 Nestor,
726 643 759 696 at
776 633 829 696 ille
846 632 934 696 mihi.

248 741 437 806 Rettulitiet
453 743 541 806 ferro
559 743 776 826 Rhesumque
794 744 992 826 Dolonaque
1008 764 1132 822 caesos,

290 863 391 936 utque
408 854 449 920 sit
465 855 519 919 hic
535 875 652 918 somno
668 856 828 939 proditus,
846 856 901 920 ille
917 857 1002 920 dolo.

246 966 361 1030 Ausus
377 987 423 1043 es,
441 968 472 1031 Ο
489 969 627 1031 nimium
643 968 848 1052 nimiumque
864 969 964 1033 oblite
980 980 1122 1047 tuorum,
1212 965 1331 1086 gWPM'

188 1104 220 1151 40
290 1079 433 1142 Thracia
450 1090 612 1144 nocturno
628 1091 765 1163 tangere
781 1090 890 1145 castra
906 1082 982 1146 dolo
1235 1053 1306 1101 anag

246 1200 361 1273 totque
377 1191 474 1255 simul
491 1203 636 1258 mactare
652 1194 749 1270 viros
767 1195 899 1258 adiutus
915 1194 958 1257 ab
974 1216 1049 1258 un0.

290 1304 339 1366 At
354 1303 439 1368 bene
456 1316 573 1368 cautus
589 1327 663 1370 eras
679 1316 713 1370 et
729 1327 855 1370 memor
870 1317 948 1371 ante
965 1308 1052 1370 mei?

248 1417 365 1498 Usque
381 1426 473 1481 metu
489 1419 632 1483 micuere
649 1419 749 1496 sinus,
767 1419 845 1481 dum
862 1419 967 1483 victor
982 1419 1124 1498 amicum

290 1529 398 1593 dictus
414 1550 451 1594 es
469 1531 617 1594 Ismariis
633 1532 698 1595 isse
715 1553 775 1614 per
790 1552 911 1613 agmen
928 1531 1030 1614 equis

187 1663 219 1716 45
248 1642 316 1707 Sed
332 1642 412 1706 mihi
428 1643 507 1725 quid
524 1644 660 1726 prodest
676 1647 795 1708 vestris
812 1645 949 1709 disiecta
965 1644 1097 1708 lacertis
1215 1703 1217 1708 ,

292 1755 380 1832 Ilios,
392 1764 432 1819 ¹et
448 1777 562 1820 murus
578 1757 667 1839 quod
683 1758 746 1820 fuit
763 1777 837 1821 esse
853 1759 970 1832 solum,

247 1867 275 1931 si
290 1887 410 1932 maneo
426 1869 533 1951 qualis
548 1869 649 1933 Troia
665 1870 806 1934 durante
822 1869 1007 1946 manebam,

290 1982 405 2063 virque
421 1981 501 2044 mihi
517 1982 653 2065 dempto
671 1983 737 2046 fine
754 1982 918 2046 carendus
935 1981 1053 2045 abest?

247 2093 368 2156 Diruta
384 2103 463 2168 sunt
478 2094 560 2171 aliis,
578 2095 636 2158 uni
652 2095 733 2158 mihi
751 2097 912 2177 Pergama
929 2103 1065 2172 restant,

190 2231 220 2284 50
290 2207 398 2280 incola
413 2209 545 2290 captivo
561 2228 647 2290 quae
662 2207 748 2272 bove
763 2210 868 2272 victor
883 2217 963 2271 arat.

181 2355 183 2365 ι
247 2319 318 2382 Iam
336 2339 433 2402 seges
449 2331 500 2384 est
517 2320 573 2383 ubi
588 2320 689 2385 Troia
705 2321 779 2397 fuit,
796 2320 1043 2402 resecandaque
1059 2320 1146 2382 falce

291 2432 432 2496 luxuriat
449 2432 595 2517 Phrygio
613 2433 775 2514 sanguine
792 2433 926 2514 pinguis
942 2433 1081 2508 humus;

247 2543 461 2629 semisepulta
477 2547 584 2609 virum
601 2545 710 2609 curvis
727 2546 892 2608 feriuntur
908 2544 1024 2608 aratris

290 2677 375 2734 ossa,
392 2657 683 2722 ruinosasocculit
698 2657 801 2721 herba
818 2657 944 2720 domos

190 2795 219 2848 55
246 2769 361 2833 Victor
377 2769 466 2847 abes,
484 2791 546 2834 nec
563 2770 646 2834 scire
664 2771 744 2832 mihi
760 2790 846 2852 quae
861 2789 963 2832 causa
979 2754 1129 2832 morandi

196 2923 198 2932 ‚
290 2892 347 2945 aut
362 2881 395 2945 in
412 2905 478 2966 quo
494 2885 598 2947 lateas
616 2884 745 2947 ferreus
764 2882 843 2945 orbe
859 2882 944 2945 licet.

247 2995 406 3077 Quisquis
423 2997 465 3059 ad
482 2997 564 3060 haec
576 2996 675 3059 vertit
692 2996 902 3079 peregrinam
919 2994 1015 3057 litora
1031 2991 1180 3078 puppim,
1213 3005 1336 3064 Penelope

1213 3080 1302 3126 makes

290 3107 344 3170 ille
361 3108 441 3170 mihi
457 3109 499 3172 de
515 3118 548 3172 te
564 3109 669 3172 multa
684 3117 821 3190 rogatus
837 3106 924 3182 abit;
1213 3154 1336 3214 Qum„

194 3208 196 3212 ¹
247 3239 413 3302 quamque
429 3221 489 3283 tibi
505 3222 631 3298 reddat,
649 3223 677 3284 si
693 3231 725 3284 te
742 3220 841 3284 modo
856 3219 976 3283 viderit
991 3238 1142 3302 usquam,

197 3337 229 3384 60
291 3332 431 3395 traditur
447 3333 523 3396 huic
540 3333 651 3415 digitis
667 3334 782 3397 charta
798 3340 921 3394 novata
936 3329 1027 3394 meis

249 3443 320 3506 Nos
338 3445 452 3528 Pylon,
469 3445 596 3527 antiqui
614 3446 731 3508 Neleta
750 3443 902 3507 Nestoris
918 3463 1006 3518 arva,

290 3556 458 3634 misimus;
484 3558 608 3620 incerta
625 3566 676 3620 est
692 3558 783 3619 fama
799 3555 937 3619 remissa
956 3553 1046 3638 Pylo

250 3668 403 3732 Misimus
418 3680 452 3732 et
470 3670 632 3751 Sparten;
659 3671 779 3751 Sparte
796 3688 928 3750 quoque
946 3667 1059 3730 nescia
1074 3664 1151 3729 veri.

292 3782 386 3862 Quas
404 3782 534 3844 habitas
551 3793 664 3858 terraS,
682 3791 739 3844 aut
756 3780 812 3844 ubi
829 3781 937 3844 lentus
954 3777 1056 3842 abes?
