2996 4384
643 340 814 399 DAPHNE
1067 337 1070 344 ·
1130 352 1197 424 147

246 537 279 590 et
295 527 376 590 levis
392 526 553 607 impulsos
570 535 658 588 retro
675 525 775 587 dabat
792 546 873 587 aura
889 527 1037 608 capillos,

247 649 410 721 auctaque
434 638 543 700 forma
565 637 648 719 fuga
666 646 725 700 est.
773 637 948 701 Sedenim
967 659 1033 704 non
1058 641 1200 704 sustinet
1217 656 1270 702 ruo

333 750 420 812 ultra
1216 733 1310 853 (ΜΗ

247 863 386 945 perdere
402 861 580 925 blanditias
595 861 724 925 iuvenis
740 862 833 938 deus,
852 871 953 944 utque
970 863 1125 928 movebat
1217 818 1264 866 pur
1279 818 1326 854 Η

188 995 220 1044 80
246 976 318 1057 ipse
334 995 436 1050 amor,
454 975 599 1038 admisso
616 975 765 1056 sequitur
780 974 923 1057 vestigia
940 996 1051 1057 passu.

247 1089 296 1152 Ut
312 1087 404 1151 canis
419 1089 575 1150 invacuo
592 1088 739 1169 leporem
756 1106 831 1150 cum
849 1088 996 1152 Gallicus
1012 1108 1090 1152 arvo

245 1201 336 1276 vidit,
354 1201 453 1263 ethic
470 1200 629 1281 praedam
646 1198 787 1281 pedibus
803 1201 896 1280 petit,
914 1200 969 1263 ille
985 1202 1137 1278 salutem,

246 1315 329 1377 alter
344 1313 523 1376 inhaesuro
540 1311 654 1375 similis
670 1313 737 1374 iam
753 1313 885 1394 iamque
901 1322 1015 1376 tenere

246 1435 359 1508 sperat
375 1435 409 1488 et
424 1434 559 1488 extento
576 1423 708 1506 stringit
725 1424 866 1506 vestigia
883 1434 1007 1502 rostr03

188 1561 218 1627 85
247 1539 331 1601 alter
345 1539 380 1600 in
396 1536 553 1618 ambiguo
570 1545 621 1600 est
637 1557 680 1598 an
692 1537 734 1600 sit
751 1556 978 1618 comprensus,
996 1547 1029 1601 et
1044 1537 1126 1620 ipsis

247 1649 410 1714 morsibus
427 1648 564 1730 eripitur
580 1650 818 1731 tangentiaque
830 1669 888 1712 ora
904 1649 1079 1732 relinquit:

231 1763 293 1826 'sic
310 1763 392 1826 deus
405 1771 439 1825 et
453 1763 547 1842 virgo
563 1770 624 1836 est,
642 1761 694 1824 hic
712 1781 772 1841 spe
788 1762 885 1837 celer,
902 1761 958 1824 illa
973 1762 1099 1827 timore.

219 1900 221 1904 ·
248 1875 315 1957 Qui
330 1884 442 1937 tamen
459 1873 652 1956 insequitur,
670 1873 789 1955 pennis
806 1874 939 1952 adiutus
955 1876 1076 1938 amoris

247 1987 336 2051 ocior
352 1997 404 2050 est
419 1986 634 2069 requiemque
651 1995 752 2067 negat
768 1995 929 2068 tergoque
944 1987 1076 2068 fugacis

188 2125 221 2175 90
248 2100 398 2163 imminet
414 2109 448 2162 et
463 2100 588 2162 crinem
607 2119 760 2180 sparsum
777 2098 960 2162 cervicibus
977 2099 1088 2162 adflat.

290 2212 427 2277 Viribus
443 2211 628 2294 absumptis
646 2210 805 2293 expalluit
821 2211 886 2287 illa,
903 2212 1054 2293 citaeque

247 2327 335 2390 victa
350 2325 463 2389 labore
480 2326 582 2406 fugae
601 2333 757 2406 spectans
776 2324 938 2387 Peneldas
951 2325 1068 2399 undas,

250 2440 352 2514 “Fer,
382 2438 507 2520 pater‚”
536 2432 652 2520 in'quit,
682 2441 819 2517 “opem,
851 2437 880 2499 si
909 2435 1046 2498 flumina
1076 2456 1201 2501 numen
1220 2458 1349 2516 Daphnen

334 2550 473 2613 habetis.

249 2662 326 2745 Qua
341 2663 480 2725 nimium
493 2660 613 2743 placui,
630 2660 791 2723 mutando
806 2661 909 2742 perde
925 2661 1097 2742 figuram.’'

189 2796 221 2850 95
248 2775 314 2839 Vix
329 2795 429 2857 prece
446 2774 539 2837 finita
555 2783 670 2855 torpor
685 2772 797 2855 gravis
814 2775 957 2855 o'ccupat
973 2782 1073 2849 artus,

249 2889 361 2951 mollia
375 2889 555 2969 cinguntur
569 2885 662 2950 tenui
678 2884 873 2968 praecordia
888 2885 980 2960 libr0‚

249 2999 283 3063 in
299 3000 454 3064 frondem
471 3000 586 3074 crines,
604 2999 638 3061 in
654 3018 764 3061 ramos
779 2997 937 3061 bracchia
953 3007 1116 3075 crescunt,

295 3219 334 3284 78.
350 3231 412 3269 non
421 3220 514 3268 ultra:
529 3235 562 3268 no
573 3219 666 3283 longer.
700 3217 740 3268 80.
757 3218 892 3268 admisso
903 3230 1011 3279 passu:
1026 3225 1055 3267 at
1057 3219 1116 3284 full
1124 3219 1201 3282 speed.

250 3301 289 3352 81.
306 3303 457 3364 leporem:
474 3302 554 3360 hare.
579 3301 619 3364 83.
636 3301 797 3350 inhaesuro
815 3301 935 3350 similis:
962 3301 1011 3349 like
1028 3317 1073 3350 one
1090 3301 1165 3350 about
1179 3309 1202 3350 to

242 3387 330 3452 fizsten
342 3401 375 3434 on
386 3386 426 3434 his
432 3392 504 3448 prey.
539 3383 579 3445 84.
597 3384 734 3446 uttinglt:
748 3384 850 3432 touches.
858 3383 1043 3446 —vestiglaz
1061 3385 1162 3450 tkeseet.
1169 3411 1203 3420 -

250 3471 367 3518 rostro:
399 3468 490 3516 mouth.
536 3467 575 3528 89.
597 3467 747 3528 requiem:
768 3474 826 3514 rest.
861 3479 901 3528 90.
924 3466 1077 3516 imminet:
1104 3468 1126 3514 is
1142 3467 1202 3516 close

251 3549 485 3615 upum-adflat:
504 3550 614 3598 breathes
631 3556 706 3612 upon.
749 3561 789 3610 91.
806 3548 933 3597 Virlbus
949 3549 1139 3610 absumptis:
1157 3550 1203 3597 her

250 3634 360 3698 strength
379 3633 454 3696 being
468 3631 755 3696 spent-expellant:
771 3647 842 3694 grew
848 3632 916 3694 pale.
961 3643 1001 3694 93.
1019 3631 1155 3680 flumina:
1176 3631 1202 3680 in

250 3731 308 3780 app.
327 3714 387 3764 with
405 3731 446 3763 vos
465 3707 608 3764 inhabetis.
659 3727 699 3779 95.
723 3716 844 3774 torpor:
873 3714 1013 3763 numbness.
1054 3714 1094 3776 96.
1119 3727 1201 3776 prae-

250 3798 371 3848 cordia:
391 3798 477 3846 breast.
488 3797 623 3847 —libtoz
643 3797 714 3846 bark.
