2998 4386
301 359 366 430 172
505 347 755 407 SELECTIONS
785 347 903 406 FROM
935 347 1038 406 OVID

103 534 204 582 uersus
297 533 356 596 sed
372 535 465 596 finita
480 542 601 596 tamen.
650 533 720 596 Soli
735 532 816 594 mihi
833 534 996 614 Pergama
1011 541 1147 607 restant,

104 624 180 732 {lave

297 646 331 708 in
347 666 512 729 cursuque
528 666 622 708 meus
639 645 732 709 dolor
748 655 807 708 est.
850 645 952 708 Modo
967 645 1109 708 maxima
1125 665 1245 721 rerum,
1277 672 1306 724 ¹5

297 768 347 823 tot
363 759 494 840 generis
510 759 663 841 natisque
680 768 799 839 potens
816 758 1019 840 nuribusque
1034 759 1180 840 viroque,

297 893 385 935 nunc
401 872 514 935 trahor
530 871 631 948 exsul,
649 871 756 952 inops
773 871 909 934 tumulis
926 873 1042 934 avulsa
1057 867 1216 947 meorum,

299 985 482 1066 Penelopes
498 1005 627 1047 munus.
676 984 772 1065 Quae
785 1004 838 1047 me
851 984 929 1046 data
942 1005 1048 1066 pensa
1060 985 1247 1047 trahentem

298 1098 459 1161 matribus
475 1097 654 1161 ostendens
673 1097 807 1173 Ithacis,
823 1102 841 1129 “
850 1098 946 1160 Haec
960 1097 1116 1160 Hectoris
1129 1096 1184 1158 illa
1197 1105 1247 1159 est

298 1213 387 1274 clara
403 1229 533 1292 parens,
551 1210 634 1273 haec
650 1209 732 1285 est,''
746 1210 843 1286 dicet,
862 1215 880 1241 “
892 1209 1054 1273 Priameta
1071 1209 1245 1273 coniunx.'’
1277 1229 1308 1264 20

343 1324 485 1405 Postque
501 1332 550 1386 tot
565 1323 705 1386 amissos
720 1332 756 1384 tu
773 1342 870 1398 nunc,
888 1342 973 1405 quae
990 1323 1060 1385 sola
1076 1321 1211 1384 levabas

299 1446 466 1499 maternos
482 1436 599 1511 luctus,
618 1434 750 1498 hostilia
765 1434 863 1497 busta
879 1436 986 1516 piasti.

301 1549 443 1611 Inferias
459 1549 546 1611 hosti
564 1547 688 1629 peperi.
736 1547 812 1628 Quo
829 1547 938 1610 ferrea
953 1547 1066 1610 resto?

299 1661 430 1742 Quidve
447 1661 578 1723 moror?
625 1660 701 1741 Quo
718 1679 771 1722 me
788 1680 910 1734 servas,
928 1679 1055 1722 annosa
1072 1658 1248 1721 senectus?

300 1773 385 1854 Quo,
403 1773 437 1835 di
453 1772 612 1847 crudeles
630 1771 693 1833 nisi
706 1792 771 1853 quo
787 1791 874 1834 nova
890 1771 1009 1834 funera
1025 1791 1168 1846 cernam,
1275 1796 1306 1848 25

299 1885 447 1948 vivacem
463 1885 605 1948 differtis
621 1885 745 1946 anum?
770 1883 855 1964 Quis
871 1904 970 1964 posse
985 1892 1119 1964 putaret

301 1998 432 2061 felicem
450 1997 616 2059 Priamum
634 2006 710 2078 post
727 1996 835 2058 diruta
853 1996 1015 2076 Pergama
1031 1995 1118 2058 dici?

302 2110 395 2172 Felix
411 2118 516 2172 morte
533 2129 592 2171 sua
608 2111 667 2184 est,
684 2128 746 2171 nec
763 2117 805 2183 te,
823 2128 898 2170 mea
913 2117 1001 2182 nata,
1019 2117 1227 2188 peremptam

300 2223 427 2303 aspicit,
445 2231 479 2284 et
493 2223 595 2284 vitam
613 2222 737 2303 pariter
752 2239 960 2302 regnumque
976 2219 1116 2302 reliquit.

343 2336 400 2411 At,
418 2345 508 2416 puto,
525 2335 698 2397 funeribus
714 2332 881 2408 dotabere,
899 2332 991 2413 regia
1006 2334 1110 2413 virg0,
1277 2356 1308 2406 30

298 2449 524 2529 condeturque
540 2455 633 2509 tuum
650 2447 873 2509 monumentis
889 2465 1010 2526 corpus
1027 2444 1131 2507 avitis.

301 2561 378 2623 Non
395 2561 477 2622 haec
494 2569 545 2623 est
561 2560 697 2621 fortuna
713 2559 840 2621 domus.
887 2557 964 2620 Tibi
980 2577 1119 2620 munera
1134 2557 1249 2619 matris

299 2674 493 2753 contingent
509 2671 604 2734 fletus
621 2672 884 2753 peregrinaeque
900 2670 1039 2733 haustus
1056 2670 1210 2733 harenae.

299 2784 422 2849 Omnia
438 2783 650 2865 perdidimus.
699 2765 869 2864 Superest,
886 2761 945 2845 cur
959 2783 1071 2845 vivere
1087 2790 1219 2863 tempus

298 2896 448 2959 in'breve
461 2895 651 2971 sustineam,
669 2896 779 2976 proles
796 2893 983 2975 gratissima
999 2893 1105 2969 matri,
1276 2909 1307 2961 35

342 3090 378 3138 14.
403 3079 563 3139 Pergama:
586 3077 670 3140 poetic
690 3077 726 3125 for
751 3077 840 3141 Troia.
883 3077 919 3125 16.
937 3077 1077 3125 nuribus:
1106 3076 1248 3140 daughters-

298 3161 397 3210 in-taia
445 3173 483 3224 17.
503 3161 607 3220 inope:
638 3161 668 3208 in
685 3166 762 3208 want.
810 3158 846 3208 18.
870 3158 1055 3218 Penelopes:
1081 3157 1125 3206 the
1142 3158 1199 3206 wife
1221 3157 1251 3206 of

298 3243 527 3306 ulysses-data
549 3255 658 3303 pensa:
687 3243 725 3290 the
745 3242 862 3305 assigned
881 3242 953 3298 tasks‚
974 3240 1023 3303 obj.
1048 3241 1077 3288 of
1100 3241 1247 3290 trahentem.

298 3339 337 3375 22.
354 3327 462 3375 busta:
480 3327 594 3391 funeral
606 3332 689 3388 pyre:
707 3325 776 3373 often
790 3344 814 3367 =
825 3324 946 3372 turrcnlus.
991 3337 1029 3386 23.
1048 3323 1173 3372 Inferias
1192 3360 1198 3372 .
1217 3360 1223 3372 .
1241 3361 1247 3373 .

296 3409 413 3469 peperi:
443 3411 463 3456 J
479 3425 520 3456 arn
541 3410 580 3456 the
602 3410 695 3456 nrather
712 3409 743 3474 of
757 3407 880 3473 sacrifices
902 3408 931 3454 in
950 3408 1031 3454 honor
1047 3408 1079 3472 os
1094 3423 1130 3454 an
1153 3423 1246 3468 enemy.

297 3505 335 3553 24.
354 3491 437 3551 Quo:
457 3493 697 3554 auhn-annosa:
718 3491 815 3557 sullas
821 3506 905 3553 years.
942 3502 981 3554 25·
998 3490 1057 3538 nisi
1072 3502 1148 3551 quo:
1167 3496 1249 3553 except

295 3576 355 3622 that.
401 3575 441 3623 26.
457 3575 596 3624 vivacem
613 3575 754 3624 differtis:
774 3574 805 3621 da
817 3590 870 3636 you
886 3574 943 3636 keep
961 3573 1188 3621 alive-anum:
1210 3573 1251 3620 ald

295 3674 403 3706 wonran.
442 3670 480 3720 27.
498 3657 614 3705 diruta:
634 3659 673 3705 the
688 3658 838 3705 destruction
849 3657 880 3722 af.
911 3669 949 3718 30.
967 3656 1131 3704 dehabere:
1149 3655 1206 3703 will
1222 3655 1248 3702 bc

295 3740 415 3790 donared.
444 3752 482 3802 31.
495 3740 750 3789 avitlezancestral.
786 3752 826 3802 32.
837 3751 973 3788 munera:
989 3754 1018 3786 as
1024 3739 1093 3802 gasts.
1127 3750 1165 3800 33.
1177 3737 1248 3786 hau-

295 3827 376 3872 etue:
393 3822 512 3888 handful.
548 3835 586 3884 34
601 3821 762 3883 Superest:
780 3822 847 3870 there
859 3823 881 3870 is
892 3822 940 3886 lest.
