2996 4384
612 317 750 374 ovm’s
781 319 868 375 ura
1142 329 1208 401 139

201 516 231 568 45
259 503 369 584 Saepe
386 522 463 566 suos
480 501 595 566 solitus
612 501 750 566 recitare
767 503 957 584 Propertius
972 503 1068 585 ignis
1227 503 1305 551 creat

242 619 245 626 '
301 617 371 677 iure
388 615 536 677 sodalicii
552 614 608 696 qui
625 614 704 676 mihi
720 615 852 677 iunctus
868 624 946 678 erat.

259 728 416 790 Ponticus
433 727 543 802 her00‚
563 728 687 789 Bassus
704 747 835 808 quoque
852 728 960 790 clarus
976 727 1094 791 iambis

302 838 411 901 dulcia
428 838 599 902 convictus
615 838 764 901 membra
781 839 874 902 luere
892 840 965 903 mei.

261 952 304 1013 Et
320 951 427 1014 tenuit
442 960 574 1014 nostras
590 971 786 1014 numerosus
805 952 966 1015 Horatius
982 951 1079 1028 auris,

203 1084 233 1136 50
302 1063 382 1138 dum
399 1063 476 1126 ferit
492 1064 644 1126 Ausonia
660 1063 807 1126 carmina
823 1064 913 1126 culta
928 1065 1008 1148 lyra.

259 1175 444 1256 Vergilium
460 1175 528 1238 vidi
543 1185 682 1250 tantum,
700 1195 761 1238 nec
779 1196 892 1238 amara
908 1177 1041 1239 Tibullo

303 1297 436 1370 tempus
452 1288 615 1351 amicitiae
632 1289 703 1351 fata
720 1288 841 1351 dedere
858 1309 960 1352 meae.

262 1401 443 1465 Successor
459 1400 523 1463 fuit
539 1401 592 1463 hic
609 1401 677 1476 tibi,
696 1400 810 1475 Galle;
837 1401 1027 1482 Propertius
1044 1401 1090 1463 illi
1100 1422 1107 1477 ;

305 1522 442 1594 quartus
458 1513 500 1575 ab
518 1513 568 1575 his
585 1512 669 1604 serie
685 1513 844 1594 temporis
860 1514 931 1594 ipse
948 1514 1006 1576 lui.

205 1645 234 1698 55
262 1627 376 1707 thue
392 1645 456 1707 ego
472 1625 622 1699 maiores,
640 1624 686 1688 sic
704 1645 756 1686 me
773 1625 902 1688 coluere
919 1627 1073 1701 minores,

180 1729 185 1740 ’
306 1747 449 1820 notaque
466 1758 533 1800 non
549 1737 643 1800 tarde
659 1738 751 1800 facta
766 1738 885 1800 Thalia
901 1758 976 1801 mea
991 1748 1050 1801 est.

262 1851 419 1914 Carmina
434 1870 509 1913 cum
527 1849 668 1931 primum
685 1851 810 1931 populo
826 1850 980 1912 iuvenilia
996 1851 1071 1931 legi,

305 1961 409 2024 barba
425 1971 553 2034 resecta
568 1962 650 2024 mihi
665 1962 759 2026 bisve
775 1961 918 2025 semelve
934 1963 1007 2024 fuit.

264 2075 418 2138 Moverat
432 2074 604 2156 ingenium
620 2084 722 2138 totam
740 2083 874 2138 cantata
890 2095 950 2156 per
966 2074 1081 2138 urbem

204 2195 236 2244 60
305 2187 439 2251 nomine
455 2209 523 2251 non
539 2208 617 2251 vero
634 2187 723 2250 dicta
738 2186 885 2252 Corinna
901 2187 990 2249 mihi.

264 2300 372 2363 Multa
387 2301 520 2383 quidem
537 2300 672 2381 scripsi;
697 2300 756 2363 sed
773 2320 858 2381 quae
874 2300 992 2362 vitiosa
1008 2300 1132 2381 putavi,

305 2412 530 2476 emendaturis
546 2412 678 2494 ignibus
695 2412 766 2492 ipse
782 2411 866 2474 dedi.

262 2526 357 2588 Tunc
381 2545 514 2607 quoque
540 2544 614 2588 cum
639 2525 801 2606 fugerem,
820 2525 983 2606 quaedam
1008 2524 1170 2606 placitura

349 2637 502 2712 cremavi,

306 2749 408 2812 iratus
425 2750 534 2812 studio
551 2749 818 2833 carminibusque
835 2750 925 2813 meis.

203 2862 234 2927 ⁶5
264 2862 367 2924 Molle
383 2862 577 2943 Cupidineis
593 2882 654 2925 nec
671 2863 928 2944 inexpugnabile
944 2863 1018 2925 telis

306 2995 363 3038 cor
379 2973 467 3050 mihi,
486 2976 641 3056 quodque
658 2975 740 3038 levis
756 2996 857 3038 causa
873 2984 1029 3050 moveret,
1046 2984 1127 3038 erat.

264 3087 347 3150 Cum
366 3097 479 3150 tamen
500 3087 552 3150 hic
569 3108 677 3151 essem
695 3087 898 3169 minimoque
918 3088 1119 3151 accenderer
1134 3086 1213 3168 igni,

306 3199 440 3263 nomine
457 3199 518 3262 sub
534 3210 647 3262 nostro
663 3200 777 3263 fabula
794 3200 885 3262 nulla
901 3200 973 3262 tuit.

265 3312 374 3375 Paene
390 3311 471 3374 mihi
488 3332 591 3393 puero
604 3332 665 3375 nec
681 3312 783 3392 digna
800 3332 860 3374 nec
878 3311 965 3374 utilis
982 3332 1063 3374 uxor
1232 3320 1277 3404 Hir

205 3443 236 3491 70
308 3433 359 3487 est
374 3424 461 3499 data,
479 3444 564 3506 quae
580 3434 718 3505 tempus·
730 3444 789 3504 per
804 3424 905 3486 breve
921 3433 1028 3505 nupta
1044 3424 1115 3486 fuit.
1233 3395 1322 3441 ww

267 3537 318 3599 Illi
335 3536 495 3601 successit
511 3536 661 3619 quamvis
677 3537 748 3600 sine
765 3537 902 3600 crimine
918 3537 1072 3612 coniunx,

308 3659 504 3712 nontamen
520 3651 553 3712 in
570 3659 683 3713 nostro
700 3651 794 3714 firma
810 3650 924 3711 lutura
940 3659 1021 3712 tor0.

225 3763 226 3770 ’
266 3760 404 3836 Ultima,
422 3782 506 3844 quae
523 3782 653 3824 mecum
671 3781 762 3824 seros
779 3763 962 3842 permansit
980 3761 1013 3823 in
1031 3782 1146 3836 annos,
