2988 4388
299 286 344 355 26
510 297 759 356 SELECTIONS
789 299 906 356 FROM
937 298 1041 356 OVID

297 481 455 544 diffidunt
471 481 611 545 monitis
668 482 735 546 Sed
752 482 830 564 quid
846 489 1010 564 temptare
1026 481 1180 545 nocebit?
1268 500 1300 567 85

297 596 484 659 Discedunt
499 597 679 680 velantque
696 606 796 679 caput
812 599 1009 680 tunicasque
1026 597 1213 679 recingunt,

298 715 331 768 et
346 706 454 769 iussbs
471 705 598 787 lapides
615 727 674 768 sua
691 716 767 788 post
781 707 923 788 vestigia
938 706 1082 770 mittunt.

299 818 387 883 Saxa
405 815 496 901 (quis
512 819 574 881 hbe
591 818 713 894 credat,
731 819 794 880 nisi
811 818 853 881 sit
869 827 929 900 prb
945 828 1029 882 teste
1045 820 1233 905 vetustas?)

297 938 422 1013 ptinere
438 929 591 993 duritiem
608 937 748 1012 coepere
765 951 928 1013 suumque
945 930 1097 1012 figurem,

295 1044 478 1125 mollirique
495 1049 586 1105 mora
602 1043 793 1124 mollitaque
809 1043 930 1106 ducere
946 1044 1098 1131 ffirmam.
1267 1082 1300 1132 90

296 1157 375 1218 Mox
392 1154 448 1217 ubi
464 1161 638 1217 creverunt
653 1161 838 1236 naturaque
854 1155 962 1218 mitior
978 1154 1041 1218 illis
1099 1193 1101 1198 ·

294 1267 442 1348 contigit,
460 1276 497 1329 ut
513 1267 686 1349 quaedam,
704 1277 750 1329 sic
768 1274 833 1328 nim
851 1267 1039 1344 manifesta,
1055 1269 1160 1331 videri

294 1381 403 1442 ibrma
419 1388 529 1460 potest
544 1378 696 1454 hominis,
713 1379 772 1442 sed
788 1388 836 1441 uti
850 1379 893 1441 de
908 1400 1071 1444 marmore
1087 1388 1214 1463 coepti),
1326 1431 1330 1437 .

295 1500 361 1553 nim
377 1498 493 1554 exacta
509 1492 589 1553 satis
605 1491 808 1573 rudibusque
825 1491 990 1554 simillima
1006 1502 1119 1574 signis.

295 1605 391 1685 Quae
408 1613 519 1666 tamen
536 1623 576 1667 ex
591 1603 655 1666 illis
671 1604 782 1686 aliqud
798 1623 876 1685 pars
893 1609 1006 1671 timida
1023 1617 1103 1672 succi

294 1725 328 1778 et
342 1723 473 1778 terrena
488 1716 560 1790 fuit,
577 1735 673 1778 versa
689 1715 788 1778 estin
805 1715 951 1797 corporis
968 1723 1083 1792 risum3

295 1827 382 1910 quod
399 1828 539 1890 solidum
557 1836 607 1890 est
625 1827 778 1909 flectique
794 1826 917 1909 nequit,
935 1834 1080 1890 mutatur
1099 1829 1132 1890 in
1149 1848 1243 1906 ossa;

295 1960 380 2022 quae
396 1939 494 2003 modo
510 1947 595 2002 vena
611 1939 683 2016 fuit,
702 1940 763 2002 sub
779 1939 895 2002 eudem
913 1940 1047 2002 ncimine
1060 1941 1202 2016 mansit3

293 2053 394 2134 inque
410 2052 501 2115 brevi
517 2050 625 2133 spatii)
641 2059 835 2132 superdrum
852 2051 988 2114 numine
1005 2071 1083 2114 saxa

294 2165 394 2227 missa
410 2164 471 2227 viri
486 2162 639 2227 manibus
655 2165 775 2227 faciem
791 2170 920 2227 traxere
936 2163 1089 2240 virerum,
1254 2198 1297 2234 100

293 2286 326 2339 et
342 2277 383 2338 de
399 2277 545 2339 feminei)
561 2282 714 2358 reparata
729 2285 779 2338 est
795 2275 920 2338 femina
932 2275 1030 2339 iactu.

295 2388 378 2452 Inde
394 2409 502 2470 genus
517 2388 636 2450 durum
653 2408 767 2450 sumus
783 2388 1021 2470 experiensque
1039 2389 1197 2467 labinum,

293 2512 326 2564 et
342 2502 541 2564 documenta
557 2501 674 2564 damus
690 2507 755 2582 quai
772 2510 875 2563 simus
890 2500 1017 2583 origine
1032 2509 1110 2566 nati.

697 2700 834 2729 —000—

563 2865 629 2936 ru.
659 2849 975 2937 PHAETHON

338 3064 446 3145 Regia
462 3062 549 3127 Setis
565 3071 636 3127 erat
652 3062 846 3126 sublimibus
862 3063 929 3125 alta
944 3063 1117 3139 columnis,

293 3177 381 3240 clara
398 3177 541 3240 micante
558 3182 638 3238 aurci
654 3174 872 3257 flammasque
887 3174 1037 3238 imitante
1056 3182 1192 3259 pyrbpb,

291 3290 386 3352 cuius
402 3289 483 3352 ebur
499 3287 638 3350 nitidum
655 3287 792 3370 fastigia
808 3307 937 3350 summa
952 3288 1106 3370 tegebat;

291 3411 420 3484 argenti
435 3400 559 3462 bifores
575 3399 750 3462 radiabant
764 3399 889 3463 iumine
903 3400 1029 3462 valvae.

293 3513 468 3577 Materiam
485 3512 664 3594 superabat
680 3533 773 3593 opus.
818 3512 905 3575 Nam
924 3511 1087 3575 Mulciber
1102 3511 1168 3575 illic
1281 3528 1294 3582 5

292 3645 436 3709 aequora
452 3625 596 3688 caelarat
612 3624 737 3687 medias
754 3623 922 3704 cingentia
937 3631 1042 3687 terras
1155 3699 1157 3704 ,

291 3745 520 3819 terrarumque
536 3736 650 3799 orbem
667 3735 862 3817 caelumque
879 3735 967 3816 quod
983 3736 1133 3799 imminet
1149 3736 1228 3800 orbi.
