2996 4384
121 3066 162 3111 All

121 3141 188 3199 ssope

121 3216 263 3263 abandoned

318 279 384 344 128
523 285 774 343 SELECTIONS
805 283 922 341 FROM
954 283 1058 341 OVID

356 468 478 552 eripuit
493 479 612 552 patruo
628 489 729 551 saepe
748 470 900 532 Minerva
916 489 985 532 suo.
1043 503 1044 507 =

314 583 359 646 Et
374 582 469 646 nobis
486 582 629 663 aliquod,
646 581 797 664 quamvis
814 581 975 645 distamus
991 579 1122 656 abillis,

356 695 435 778 quid
451 702 542 758 vetat
557 695 640 757 irato
657 714 780 758 numen
797 695 914 758 adesse
929 694 1015 758 deo?

312 808 424 873 Verba
440 807 540 870 miser
556 807 680 870 frustra
697 827 763 869 non
782 807 987 888 proficientia
1004 806 1115 888 perd0.

332 899 334 905 Ι
357 922 437 1002 Ipsa
452 939 572 1002 graves
588 928 752 1000 spargunt
768 939 825 982 ora
841 919 1006 1001 loquentis
1022 939 1138 1001 aquae,

310 1033 530 1115 terribilisque
548 1033 657 1096 Notus
672 1033 773 1095 iactat
789 1052 864 1095 mea
879 1031 990 1107 verba,
1008 1051 1190 1114 precesque

355 1146 397 1208 ad
414 1166 497 1227 quos
514 1130 689 1208 mittuntur
707 1165 773 1208 non
791 1144 868 1208 sinit
885 1143 931 1208 ire
947 1145 1041 1208 de‘ost

313 1259 404 1340 Ergo
419 1258 507 1322 idern
522 1256 622 1334 venti,
640 1278 683 1321 ne
699 1277 800 1321 causa
816 1257 929 1320 laedar
944 1256 978 1319 in
995 1276 1070 1333 una,

354 1371 494 1454 velaque
511 1372 703 1453 nescioquo
720 1380 863 1451 votaque
880 1378 993 1433 nostra
1009 1369 1130 1433 ferunt.

313 1485 371 1547 Me
387 1484 554 1560 miserum,
571 1484 686 1565 quanti
703 1492 833 1547 montes
849 1483 1026 1546 volvuntur
1042 1481 1221 1564 aquarum!

357 1597 429 1659 Iam
445 1595 511 1658 iarn
527 1605 674 1659 tacturos
690 1596 799 1659 sidera
815 1615 944 1658 summa
960 1603 1066 1677 putes

313 1709 468 1790 Quantae
484 1708 619 1771 diducto
636 1706 813 1772 subsidunt
830 1729 973 1791 aequore
988 1709 1109 1772 valles!

356 1823 429 1884 Iarn
446 1820 511 1883 iarn
527 1828 673 1884 tacturas
689 1821 830 1884 Tartara
846 1823 942 1903 nigra
958 1831 1064 1903 putes.
1129 1837 1131 1843 ·

313 1932 684 2016 Quocumqueaspicio,
701 1933 784 1996 nihil
800 1941 851 1997 est
866 1933 929 1997 nisi
946 1943 1068 2016 pontus
1084 1943 1117 1999 et
1133 1941 1198 2011 ae'r,

356 2047 510 2114 fluctibus
526 2047 580 2109 hic
596 2045 751 2122 tumidus,
769 2045 913 2110 nubibus
929 2046 984 2111 ille
1001 2049 1120 2110 minax.

315 2161 408 2222 Inter
424 2167 600 2241 utrumque
615 2159 763 2222 fremunt
779 2159 915 2222 immani
931 2180 1099 2224 murmure
1114 2159 1211 2224 venti.

358 2271 475 2336 Nescit
490 2271 544 2335 cui
554 2265 693 2336 ‘domino
710 2282 827 2354 pareat
843 2274 932 2336 unda
948 2273 1055 2337 maris.

314 2385 403 2446 Nam
419 2385 518 2448 modo
535 2404 702 2467 purpureo
718 2384 797 2448 viris
813 2385 902 2467 capit
919 2387 1029 2449 Eurus
1045 2384 1087 2448 ab
1104 2394 1186 2462 ortu,

356 2517 444 2561 nunc
461 2497 637 2582 Zephyrus
653 2516 726 2560 sero
742 2517 882 2579 vespere
898 2497 1018 2561 missus
1034 2498 1138 2574 adest,

312 2629 401 2672 nunc
418 2609 547 2691 gelidus
564 2609 651 2672 sicca
669 2610 794 2673 Boreas
811 2608 993 2674 bacchatur
1008 2610 1050 2674 ab
1065 2611 1181 2687 Arcto,

355 2742 445 2786 nunc
463 2723 572 2785 Notus
588 2722 729 2786 adversa
745 2722 871 2804 proelia
886 2723 997 2786 fronte
1013 2723 1105 2804 gerit.

310 2836 438 2898 -Rector
452 2835 486 2896 in
502 2835 627 2898 incerto
643 2842 771 2898 estnec
788 2834 867 2917 quid
883 2834 1033 2917 fugiatve
1049 2845 1182 2917 petatve

356 2946 501 3024 invenit;
526 2946 691 3029 ambiguis
708 2967 761 3010 ars
779 2956 890 3030 stupet
906 2949 979 3030 ipsa
995 2947 1098 3011 malis.

315 3059 449 3125 Scilicet
464 3058 654 3135 occidimus,
671 3079 733 3123 nec
749 3079 826 3141 spes
842 3069 893 3123 est
907 3059 974 3123 ulla
990 3061 1123 3137 salutis;

357 3172 503 3255 dumque
519 3172 644 3253 loquor,
662 3172 774 3235 vultus
790 3170 899 3236 obruit
914 3172 1004 3234 unda
1021 3191 1121 3235 meos.

313 3285 493 3367 Opprinret
504 3284 591 3348 hanc
608 3282 752 3346 animam
769 3283 897 3361 fluctus,
909 3285 1099 3367 frustraque
1115 3286 1263 3365 precanti
1290 3309 1320 3363 35

357 3417 413 3461 ore
429 3405 606 3461 necaturas
624 3395 826 3478 accipiemus
842 3405 954 3479 aquas.

314 3509 363 3572 At
378 3509 434 3592 pia
449 3508 496 3571 nil
511 3508 601 3571 aliud
617 3528 716 3591 quam
734 3528 786 3572 me
802 3509 892 3572 dolet
908 3508 1020 3573 exsule
1037 3509 1179 3573 coniunx
1189 3529 1205 3586 ;’

357 3623 420 3686 hoc
437 3641 540 3685 unum
557 3621 662 3683 nostri
678 3620 806 3703 scitque
822 3623 989 3704 gemitque
1007 3621 1092 3684 mali.

316 3735 433 3798 Nescit
449 3733 482 3796 in
499 3733 661 3796 immenso
678 3732 793 3796 iactari
808 3753 948 3816 corpora
965 3742 1077 3815 ponto,
