2988 4388
557 307 683 388 JASON
714 306 802 370 AND
835 307 980 370 MEDEA
1199 318 1244 393 77

296 497 428 577 Nempe
458 505 575 558 tenens
603 496 690 576 quod
721 517 805 572 amu,
833 497 1026 579 gremioque
1055 497 1089 557 in
1117 495 1246 558 I'asonis

382 609 523 671 haerens

296 741 355 801 per
367 721 455 782 freta
468 722 567 800 longa
579 722 677 783 ferar.
721 720 813 782 Nihil
822 720 915 783 illurn
927 721 1079 802 amplexa
1088 720 1244 798 verebor;

295 842 361 908 aut,
380 835 407 895 si
423 834 502 914 quid
518 843 670 908 metuam,
688 843 833 896 metuam
851 833 892 896 de
908 834 1051 914 coniuge
1068 834 1147 896 solu.

296 945 539 1026 Coniugiumne
558 955 665 1027 putaS,
683 945 900 1026 speciosaque
916 948 1052 1008 nomina
1068 947 1187 1027 culpae

232 1085 269 1134 '70
294 1057 446 1138 imponis,
466 1057 598 1133 Medea,
614 1059 715 1120 tuae?
761 1058 852 1139 Quin
869 1059 981 1139 aspice
997 1068 1159 1141 quantum

295 1170 491 1250 aggrediare
508 1171 614 1245 nefas,
632 1180 665 1232 et
681 1171 759 1232 dum
777 1170 861 1246 licet,
880 1171 993 1251 effuge
1010 1170 1165 1234 crimen.”

298 1281 398 1344 Dixit.
447 1282 491 1344 Et
506 1292 583 1344 ante
600 1283 713 1345 oculos
729 1292 856 1344 rectum
873 1284 1045 1365 pietasque
1062 1283 1235 1364 pudorque

296 1393 522 1468 constiterant,
540 1404 572 1456 et
587 1394 675 1456 victa
692 1393 794 1456 dabat
810 1394 875 1456 iam
892 1404 986 1476 terga
1003 1395 1142 1477 Cupido.

341 1506 417 1568 Ibat
433 1506 475 1568 ad
491 1506 646 1587 antiquas
663 1507 811 1569 Hecates
829 1508 1003 1570 Perseldos
1019 1528 1104 1583 aras,

237 1630 268 1683 75
296 1638 379 1700 quas
395 1638 513 1680 nemus
530 1617 720 1681 umbrosum
738 1629 931 1701 secretaque
948 1621 1031 1682 silva
1046 1620 1190 1701 tegebat.

296 1729 339 1790 Et
355 1731 419 1791 iarn
437 1729 531 1792 fortis
548 1739 620 1792 erat
636 1730 818 1810 pulsusque
834 1729 1003 1792 resederat
1019 1731 1126 1805 ardor,

294 1861 369 1903 curn
386 1841 475 1904 videt
492 1842 696 1916 Aesoniden,
715 1843 944 1923 exstinctaque
960 1842 1094 1910 flamma
1110 1842 1236 1905 reluxit.
1264 1857 1331 1904 Love

296 1953 467 2016 Erubuere
483 1973 599 2034 genae,
618 1964 755 2036 totoque
771 1954 944 2016 recanduit
961 1974 1025 2017 ore.
1263 1931 1364 1979 '‘m‘'

295 2065 409 2145 thue
425 2064 510 2126 solet
524 2064 632 2126 ventis
649 2063 806 2126 alimenta
822 2065 1006 2138 adsumere,
1024 2083 1176 2146 quaeque

235 2191 267 2242 80
294 2196 397 2256 parva
413 2175 475 2238 sub
491 2175 627 2238 inducta
642 2177 737 2239 latuit
754 2175 897 2238 scintilla
908 2176 1036 2251 favilla,

254 2329 255 2335 κ
294 2308 443 2351 crescere
459 2299 493 2351 et
508 2289 541 2350 in
558 2297 688 2351 veteres
704 2289 829 2370 agitata
845 2308 1018 2368 resurgere
1034 2289 1131 2364 viris;

295 2401 340 2462 sic
356 2399 422 2462 iam
439 2403 547 2464 lentus
564 2421 665 2474 amor,
682 2400 865 2482 iamquem
882 2401 1041 2481 languere
1057 2411 1202 2482 putares

294 2522 330 2574 ut
345 2513 427 2575 vidit
443 2515 606 2589 iuvenem,
625 2513 736 2595 specie
753 2513 939 2594 praesentis
954 2513 1077 2575 inarsit.

340 2625 383 2686 Et
399 2645 479 2687 casu
495 2626 592 2688 solito
609 2625 785 2688 formosior
800 2625 937 2689 Aesorie
953 2634 1051 2688 natus
1214 2687 1217 2692 r

234 2747 265 2813 85
294 2735 349 2798 illa
365 2738 438 2800 luce
455 2739 527 2800 ruit.
575 2740 693 2802 Posses
709 2739 881 2820 ignoscere
898 2740 1031 2800 amanti.
1113 2715 1114 2720 ἵ

295 2849 432 2930 Spectat
448 2860 481 2912 et
497 2851 530 2913 in
545 2852 639 2914 vultu
654 2851 757 2914 veluti
772 2836 841 2914 turn
859 2850 1002 2932 denique
1018 2849 1089 2914 viso

294 2962 419 3024 lumina
435 2964 498 3025 fixa
514 2973 615 3039 tenet,
633 2985 694 3027 nec
711 2985 746 3026 se
763 2964 914 3026 mortalia
931 2963 1069 3026 demens

294 3094 351 3136 ora
366 3075 478 3138 videre
495 3085 599 3156 putat,
618 3097 679 3138 nec
697 3097 732 3140 se
749 3077 892 3140 declinat
909 3077 951 3139 ab
966 3077 1032 3139 illo.

295 3187 343 3250 Ut
358 3206 437 3249 vero
454 3189 629 3269 coepitque
646 3189 744 3270 loqui,
762 3191 979 3270 dextramque
996 3187 1173 3270 prehendit

234 3327 266 3375 90
294 3298 426 3380 hospeS,
444 3310 477 3362 et
495 3300 649 3362 auxilium
669 3301 833 3364 submissa
848 3322 929 3364 voce
945 3302 1083 3382 rogavit,

275 3435 277 3440 ’
293 3411 509 3493 promisitque
527 3423 645 3488 torum,
664 3413 806 3474 lacrimis
823 3412 869 3475 ait
884 3413 939 3473 illa
956 3413 1120 3493 profusis:

294 3524 412 3605 “Quid
429 3525 551 3586 faciam
568 3525 684 3601 video;
709 3545 770 3587 nec
788 3545 841 3588 me
857 3525 1043 3605 ignorantia
1059 3524 1128 3587 veri

293 3634 444 3717 decipiet,
463 3638 521 3699 sed
539 3658 640 3699 amor.
689 3637 871 3701 Servabere
888 3657 1024 3699 munere
1040 3646 1171 3699 nostro:
1260 3649 1314 3696 ane

293 3757 444 3809 servatus
461 3749 623 3828 promissa
639 3750 748 3811 dat0.''
797 3751 858 3811 Per
875 3770 968 3810 sacra
983 3749 1142 3811 triformis
1262 3724 1380 3784 σῶμα
