2998 4386
643 295 772 356 MIDAS
1115 242 1181 376 169

230 479 491 561 instructamque
504 480 603 543 fidem
619 480 760 560 gemmis
776 487 809 542 et
825 478 979 542 dentibus
997 477 1088 540 Indis

232 589 408 654 sustinet'a
424 591 535 670 laeva;
560 593 667 655 tenuit
683 612 802 654 manus
819 592 922 654 altera
939 591 1111 672 plectrum.

191 713 221 778 85
233 704 381 767 Artificis
398 712 505 766 status
520 705 592 786 ipse
609 704 681 766 fuit.
728 705 816 766 Tum
834 704 976 766 stamina
993 703 1091 766 docto

233 816 351 897 pollice
367 816 529 892 sollicitat,
548 837 687 898 quorum
704 815 878 879 dulcedine
894 824 1012 895 captus

173 937 175 941 ’
234 929 324 991 Pana
340 929 432 993 iubet
447 929 585 991 Tmolus
602 929 748 991 citharae
765 928 958 990 submittere
975 947 1108 1006 cannas.

277 1042 441 1105 Iudicium
458 1042 629 1123 sanctique
646 1041 756 1121 placet
772 1040 937 1103 sententia
953 1041 1074 1102 montis

233 1153 404 1230 omnibus;
429 1155 577 1235 arguitur
593 1163 705 1216 tamen
722 1162 822 1234 atque
837 1153 960 1214 iniusta
974 1161 1112 1215 vocatur

191 1268 330 1340 90unius
347 1286 498 1329 sermone
516 1267 639 1353 Midae.
689 1266 762 1328 Nec
782 1265 899 1328 Delius
915 1265 1003 1328 auris

233 1379 414 1441 humanam
431 1379 567 1441 stolidas
583 1379 708 1459 patitur
724 1379 866 1440 retinere
882 1377 1022 1459 figuram
1036 1397 1044 1452 ;

234 1492 292 1554 sed
308 1491 410 1556 trahit
425 1492 459 1553 in
477 1491 620 1571 spatium
636 1490 789 1574 villisque
808 1491 996 1553 albentibus
1012 1490 1136 1570 implet,
1202 1497 1325 1557 punisneu

233 1604 463 1694 instabilisque
480 1603 563 1666 imas
580 1582 662 1667 facit
678 1613 711 1666 et
728 1605 785 1667 dat
803 1623 902 1685 posse
919 1605 1051 1666 moveri.

236 1716 355 1781 Cetera
371 1725 449 1779 sunt
464 1716 622 1793 hominis;
648 1726 777 1798 partem
795 1717 971 1779 damnatur
982 1717 1016 1778 in
1034 1735 1134 1777 unam

193 1847 224 1900 95
234 1829 446 1911 induiturque
463 1830 551 1892 auris
568 1829 656 1892 lente
673 1830 855 1911 gradientis
871 1829 973 1892 aselli.

280 1943 341 2004 Ille
363 1941 496 2022 quidem
513 1942 621 2004 celare
638 1941 737 2022 cupit,
756 1942 912 2024 turpique
928 1942 1055 2023 pudore

235 2064 385 2136 tempora
402 2055 578 2136 purpureis
594 2063 737 2135 temptat
753 2055 864 2118 velare
881 2055 980 2116 tiaris

236 2167 304 2230 Sed
317 2166 432 2230 solitus
450 2167 568 2247 longos
583 2167 673 2229 lerro
690 2187 840 2230 resecare
857 2167 994 2247 capillos

235 2279 363 2342 viderat
379 2279 443 2342 hoc
459 2278 612 2341 famulus
666 2278 732 2360 Qui
752 2299 828 2342 cum
844 2299 905 2342 nec
923 2279 1063 2360 prodere
1078 2279 1185 2340 visum

179 2409 224 2444 100
236 2391 382 2454 dedecus
398 2391 536 2453 auderet
552 2392 689 2472 cupiens
706 2391 827 2454 efferre
845 2391 905 2453 sub
923 2411 1029 2465 auras,

235 2523 297 2566 nec
315 2512 428 2584 posset
443 2503 580 2566 reticere
596 2511 717 2578 tamen,
736 2503 862 2567 secedit
877 2504 1081 2583 humumque

235 2616 354 2679 effodit
364 2637 372 2693 ;
397 2624 430 2678 et
446 2615 570 2678 domini
586 2616 693 2696 qualis
710 2615 875 2697 aspexerit
892 2616 989 2690 auris,

235 2749 316 2792 voce
331 2728 434 2790 refert
450 2747 561 2808 parva,
578 2737 752 2810 terraeque
768 2730 999 2791 immurmurat
1014 2728 1171 2804 haustae;

235 2841 457 2922 indiciumque
475 2860 554 2902 suae
570 2841 659 2903 vocis
675 2841 793 2904 tellure
808 2849 942 2922 regesta

169 2967 226 3020 ιῙο5
236 2953 353 3027 obruit,
371 2963 404 3016 et
420 2953 591 3015 scrobibus
606 2955 726 3016 tacitus
743 2953 883 3017 discedit
899 2954 1030 3034 opertis.

237 3066 361 3130 Creber
372 3045 615 3128 harundinibus¹
629 3066 777 3129 tremulis
793 3066 839 3128 ibi
856 3086 991 3147 surgere
1007 3066 1101 3128 lucus

276 3257 314 3320 83.
326 3258 431 3307 fldem:
446 3259 506 3321 lyre.
514 3258 699 3309 —dentibus
706 3259 793 3308 Indis
803 3278 809 3307 ι
818 3259 860 3307 i.e.
869 3259 944 3321 ivory.
969 3258 1009 3318 84.
1023 3258 1185 3320 plectrum

235 3340 295 3389 with
307 3340 356 3389 this
367 3341 411 3389 the
422 3341 473 3403 lyre
491 3357 541 3390 was
553 3341 645 3390 struck.
687 3341 726 3406 85.
743 3342 895 3390 Artificis:
914 3341 1186 3390 urrist-stamina:

235 3424 341 3472 threads.
366 3423 406 3472 86.
418 3424 538 3486 pollice,
550 3425 642 3473 thumb.
667 3424 706 3488 87.
720 3424 939 3474 cannamreeds.
962 3423 1187 3485 90.Dellus:i.e.

236 3506 337 3570 Apollo.
363 3520 403 3568 92.
414 3507 496 3556 villis
507 3526 513 3554 :
525 3508 691 3571 shaggyhair.
701 3534 735 3543 -
746 3507 919 3557 albentibus
930 3526 935 3555 ι
949 3507 981 3555 cs.
994 3507 1071 3555 albus.
1090 3520 1130 3567 94.
1141 3506 1186 3553 ln:

230 3590 267 3637 ¹in
277 3597 403 3652 respectio.
438 3601 477 3654 95.
495 3589 591 3638 lente:
610 3590 701 3652 slowly.
735 3601 775 3653 97.
793 3590 892 3638 tiaris:
912 3591 1015 3638 turbon.
1053 3601 1106 3650 103.
1119 3589 1189 3638 hau-

237 3675 318 3721 stae:
337 3674 441 3738 effosae;
462 3672 495 3720 cf.
513 3673 602 3738 effodit,
620 3689 643 3721 v.
664 3685 718 3721 102.
755 3684 808 3731 104.
825 3672 990 3721 indicium:
1009 3673 1189 3720 disclosure.-

236 3758 371 3816 regesta:
391 3754 420 3817 by
432 3755 559 3818 throwing
569 3755 635 3803 back.
673 3767 725 3819 105.
744 3755 920 3804 scrobibus:
932 3755 991 3804 hale.
