<?xml version="1.0" encoding="UTF-8"?>
<!DOCTYPE html PUBLIC "-//W3C//DTD XHTML 1.0 Transitional//EN"
    "http://www.w3.org/TR/xhtml1/DTD/xhtml1-transitional.dtd">
<html xmlns="http://www.w3.org/1999/xhtml" xml:lang="en" lang="en">
 <head>
  <title>
</title>
<meta http-equiv="Content-Type" content="text/html;charset=utf-8" />
  <meta name='ocr-system' content='tesseract 3.04.00' />
  <meta name='ocr-capabilities' content='ocr_page ocr_carea ocr_par ocr_line ocrx_word'/>
</head>
<body>
  <div class='ocr_page' id='page_1' title='image "./poemsovidselect01ovidgoog_0061.png"; bbox 0 0 2988 4388; ppageno 0'>
   <div class='ocr_carea' id='block_1_1' title="bbox 296 300 1040 392">
    <p class='ocr_par' dir='ltr' id='par_1_1' title="bbox 296 300 1040 392">
     <span class='ocr_line' id='line_1_1' title="bbox 296 300 1040 392; baseline -0.004 -23"><span class='ocrx_word' id='word_1_1' title='bbox 296 300 344 392; x_wconf 82' lang='lat'>36</span> <span class='ocrx_word' id='word_1_2' title='bbox 507 309 757 367; x_wconf 74' lang='lat' dir='ltr'>suuncrrous</span> <span class='ocrx_word' id='word_1_3' title='bbox 788 310 905 367; x_wconf 75' lang='lat' dir='ltr'>mou</span> <span class='ocrx_word' id='word_1_4' title='bbox 936 309 1040 367; x_wconf 82' lang='lat' dir='ltr'>ovu)</span> 
     </span>
    </p>
   </div>
   <div class='ocr_carea' id='block_1_2' title="bbox 295 479 1306 1588">
    <p class='ocr_par' dir='ltr' id='par_1_2' title="bbox 299 479 1155 575">
     <span class='ocr_line' id='line_1_2' title="bbox 299 479 1155 575; baseline -0.002 -19"><span class='ocrx_word' id='word_1_5' title='bbox 299 479 371 556; x_wconf 78' lang='lat' dir='ltr'>lma</span> <span class='ocrx_word' id='word_1_6' title='bbox 388 501 506 575; x_wconf 90' lang='lat' dir='ltr'>petunt</span> <span class='ocrx_word' id='word_1_7' title='bbox 522 493 639 575; x_wconf 70' lang='lat' dir='ltr'>pisces</span> <span class='ocrx_word' id='word_1_8' title='bbox 656 513 718 556; x_wconf 89' lang='lat' dir='ltr'>nec</span> <span class='ocrx_word' id='word_1_9' title='bbox 735 500 771 556; x_wconf 72' lang='lat' dir='ltr'>se</span> <span class='ocrx_word' id='word_1_10' title='bbox 787 513 887 575; x_wconf 91' lang='lat' dir='ltr'>super</span> <span class='ocrx_word' id='word_1_11' title='bbox 903 513 1047 575; x_wconf 88' lang='lat' dir='ltr'>aequora</span> <span class='ocrx_word' id='word_1_12' title='bbox 1063 503 1155 556; x_wconf 78' lang='lat' dir='ltr'>curvi</span> 
     </span>
    </p>

    <p class='ocr_par' dir='ltr' id='par_1_3' title="bbox 296 604 1116 686">
     <span class='ocr_line' id='line_1_3' title="bbox 296 604 1116 686; baseline -0.002 -17"><span class='ocrx_word' id='word_1_13' title='bbox 296 606 411 670; x_wconf 90' lang='lat' dir='ltr'>tollere</span> <span class='ocrx_word' id='word_1_14' title='bbox 428 612 604 668; x_wconf 74' lang='lat' dir='ltr'>consuetas</span> <span class='ocrx_word' id='word_1_15' title='bbox 621 605 746 669; x_wconf 88' lang='lat' dir='ltr'>audent</span> <span class='ocrx_word' id='word_1_16' title='bbox 761 605 935 686; x_wconf 79' lang='lat' dir='ltr'>delphines</span> <span class='ocrx_word' id='word_1_17' title='bbox 951 604 985 667; x_wconf 94' lang='lat' dir='ltr'>in</span> <span class='ocrx_word' id='word_1_18' title='bbox 1002 611 1116 683; x_wconf 22' lang='lat' dir='ltr'>auras..</span> 
     </span>
    </p>

    <p class='ocr_par' dir='ltr' id='par_1_4' title="bbox 296 718 1306 1025">
     <span class='ocr_line' id='line_1_4' title="bbox 297 718 1147 800; baseline -0.004 -18"><span class='ocrx_word' id='word_1_19' title='bbox 297 719 447 800; x_wconf 86' lang='lat' dir='ltr'>Corpora</span> <span class='ocrx_word' id='word_1_20' title='bbox 462 718 645 800; x_wconf 78' lang='lat' dir='ltr'>phocarum</span> <span class='ocrx_word' id='word_1_21' title='bbox 662 726 792 781; x_wconf 82' lang='lat' dir='ltr'>summd</span> <span class='ocrx_word' id='word_1_22' title='bbox 808 726 964 800; x_wconf 87' lang='lat' dir='ltr'>resupina</span> <span class='ocrx_word' id='word_1_23' title='bbox 980 718 1147 799; x_wconf 78' lang='lat' dir='ltr'>profundo</span> 
     </span>
     <span class='ocr_line' id='line_1_5' title="bbox 296 830 1306 912; baseline 0 -19"><span class='ocrx_word' id='word_1_24' title='bbox 296 832 483 895; x_wconf 74' lang='lat' dir='ltr'>exanimata</span> <span class='ocrx_word' id='word_1_25' title='bbox 498 840 625 893; x_wconf 88' lang='lat' dir='ltr'>natant.</span> <span class='ocrx_word' id='word_1_26' title='bbox 674 830 790 912; x_wconf 92' lang='lat' dir='ltr'>Ipsum</span> <span class='ocrx_word' id='word_1_27' title='bbox 807 850 939 912; x_wconf 91' lang='lat' dir='ltr'>quoque</span> <span class='ocrx_word' id='word_1_28' title='bbox 957 830 1067 893; x_wconf 75' lang='lat' dir='ltr'>Nerea</span> <span class='ocrx_word' id='word_1_29' title='bbox 1084 830 1175 892; x_wconf 76' lang='lat' dir='ltr'>fama</span> <span class='ocrx_word' id='word_1_30' title='bbox 1197 840 1247 893; x_wconf 90' lang='lat' dir='ltr'>est</span> <span class='ocrx_word' id='word_1_31' title='bbox 1260 856 1306 910; x_wconf 85' lang='lat'>245</span> 
     </span>
     <span class='ocr_line' id='line_1_6' title="bbox 298 941 1147 1025; baseline -0.001 -19"><span class='ocrx_word' id='word_1_32' title='bbox 298 944 490 1025; x_wconf 78' lang='lat' dir='ltr'>Doridaque</span> <span class='ocrx_word' id='word_1_33' title='bbox 507 953 541 1006; x_wconf 90' lang='lat' dir='ltr'>et</span> <span class='ocrx_word' id='word_1_34' title='bbox 556 950 652 1006; x_wconf 74' lang='lat' dir='ltr'>natas</span> <span class='ocrx_word' id='word_1_35' title='bbox 668 943 788 1024; x_wconf 76' lang='lat' dir='ltr'>tepidis</span> <span class='ocrx_word' id='word_1_36' title='bbox 805 941 941 1005; x_wconf 89' lang='lat' dir='ltr'>latuisse</span> <span class='ocrx_word' id='word_1_37' title='bbox 957 941 1019 1005; x_wconf 94' lang='lat' dir='ltr'>sub</span> <span class='ocrx_word' id='word_1_38' title='bbox 1035 952 1147 1005; x_wconf 78' lang='lat' dir='ltr'>antris,</span> 
     </span>
    </p>

    <p class='ocr_par' dir='ltr' id='par_1_5' title="bbox 295 1054 1148 1249">
     <span class='ocr_line' id='line_1_7' title="bbox 295 1054 1148 1137; baseline -0.001 -19"><span class='ocrx_word' id='word_1_39' title='bbox 295 1057 362 1118; x_wconf 88' lang='lat' dir='ltr'>Ter</span> <span class='ocrx_word' id='word_1_40' title='bbox 373 1056 559 1136; x_wconf 61' lang='lat' dir='ltr'>,Neptunus</span> <span class='ocrx_word' id='word_1_41' title='bbox 575 1065 669 1137; x_wconf 82' lang='lat' dir='ltr'>aquis</span> <span class='ocrx_word' id='word_1_42' title='bbox 685 1075 760 1118; x_wconf 92' lang='lat' dir='ltr'>cum</span> <span class='ocrx_word' id='word_1_43' title='bbox 777 1063 870 1118; x_wconf 82' lang='lat' dir='ltr'>torvo</span> <span class='ocrx_word' id='word_1_44' title='bbox 885 1054 1040 1118; x_wconf 87' lang='lat' dir='ltr'>bracchia</span> <span class='ocrx_word' id='word_1_45' title='bbox 1055 1056 1148 1117; x_wconf 82' lang='lat' dir='ltr'>vultu</span> 
     </span>
     <span class='ocr_line' id='line_1_8' title="bbox 296 1167 1128 1249; baseline -0.002 -18"><span class='ocrx_word' id='word_1_46' title='bbox 296 1188 446 1232; x_wconf 87' lang='lat' dir='ltr'>exserere</span> <span class='ocrx_word' id='word_1_47' title='bbox 462 1188 562 1231; x_wconf 87' lang='lat' dir='ltr'>ausus</span> <span class='ocrx_word' id='word_1_48' title='bbox 578 1177 667 1245; x_wconf 92' lang='lat' dir='ltr'>erat;</span> <span class='ocrx_word' id='word_1_49' title='bbox 691 1177 742 1231; x_wconf 91' lang='lat' dir='ltr'>ter</span> <span class='ocrx_word' id='word_1_50' title='bbox 757 1175 824 1231; x_wconf 80' lang='lat' dir='ltr'>non</span> <span class='ocrx_word' id='word_1_51' title='bbox 840 1167 916 1230; x_wconf 91' lang='lat' dir='ltr'>tulit</span> <span class='ocrx_word' id='word_1_52' title='bbox 931 1169 1016 1230; x_wconf 76' lang='lat' dir='ltr'>aeris</span> <span class='ocrx_word' id='word_1_53' title='bbox 1032 1177 1128 1249; x_wconf 84' lang='lat' dir='ltr'>ignis.</span> 
     </span>
    </p>

    <p class='ocr_par' dir='ltr' id='par_1_6' title="bbox 295 1279 1158 1362">
     <span class='ocr_line' id='line_1_9' title="bbox 295 1279 1158 1362; baseline -0.002 -17"><span class='ocrx_word' id='word_1_54' title='bbox 295 1283 398 1345; x_wconf 87' lang='lat' dir='ltr'>Alma</span> <span class='ocrx_word' id='word_1_55' title='bbox 414 1290 527 1344; x_wconf 89' lang='lat' dir='ltr'>tamen</span> <span class='ocrx_word' id='word_1_56' title='bbox 543 1281 667 1356; x_wconf 81' lang='lat' dir='ltr'>Tellus,</span> <span class='ocrx_word' id='word_1_57' title='bbox 685 1289 722 1342; x_wconf 92' lang='lat' dir='ltr'>ut</span> <span class='ocrx_word' id='word_1_58' title='bbox 738 1289 810 1343; x_wconf 89' lang='lat' dir='ltr'>erat</span> <span class='ocrx_word' id='word_1_59' title='bbox 826 1279 1030 1343; x_wconf 87' lang='lat' dir='ltr'>circumdata</span> <span class='ocrx_word' id='word_1_60' title='bbox 1047 1288 1158 1362; x_wconf 80' lang='lat' dir='ltr'>ponto,</span> 
     </span>
    </p>

    <p class='ocr_par' dir='ltr' id='par_1_7' title="bbox 295 1391 1304 1588">
     <span class='ocr_line' id='line_1_10' title="bbox 295 1391 1304 1476; baseline 0.002 -20"><span class='ocrx_word' id='word_1_61' title='bbox 295 1394 382 1457; x_wconf 94' lang='lat' dir='ltr'>inter</span> <span class='ocrx_word' id='word_1_62' title='bbox 397 1401 501 1476; x_wconf 75' lang='lat' dir='ltr'>aquas</span> <span class='ocrx_word' id='word_1_63' title='bbox 516 1394 628 1475; x_wconf 80' lang='lat' dir='ltr'>pelagi</span> <span class='ocrx_word' id='word_1_64' title='bbox 643 1398 896 1475; x_wconf 76' lang='lat' dir='ltr'>contractosque</span> <span class='ocrx_word' id='word_1_65' title='bbox 913 1391 1059 1475; x_wconf 91' lang='lat' dir='ltr'>undique</span> <span class='ocrx_word' id='word_1_66' title='bbox 1075 1394 1187 1470; x_wconf 70' lang='lat' dir='ltr'>fontis</span> <span class='ocrx_word' id='word_1_67' title='bbox 1257 1421 1304 1475; x_wconf 79' lang='lat'>250</span> 
     </span>
     <span class='ocr_line' id='line_1_11' title="bbox 296 1505 1108 1588; baseline 0.001 -21"><span class='ocrx_word' id='word_1_68' title='bbox 296 1515 353 1588; x_wconf 81' lang='lat' dir='ltr'>qut</span> <span class='ocrx_word' id='word_1_69' title='bbox 368 1513 404 1568; x_wconf 72' lang='lat' dir='ltr'>se</span> <span class='ocrx_word' id='word_1_70' title='bbox 419 1505 635 1569; x_wconf 86' lang='lat' dir='ltr'>condiderant</span> <span class='ocrx_word' id='word_1_71' title='bbox 650 1506 684 1568; x_wconf 95' lang='lat' dir='ltr'>in</span> <span class='ocrx_word' id='word_1_72' title='bbox 701 1512 825 1586; x_wconf 75' lang='lat' dir='ltr'>opacae</span> <span class='ocrx_word' id='word_1_73' title='bbox 840 1515 969 1569; x_wconf 80' lang='lat' dir='ltr'>viscera</span> <span class='ocrx_word' id='word_1_74' title='bbox 984 1505 1108 1581; x_wconf 77' lang='lat' dir='ltr'>matris,</span> 
     </span>
    </p>
   </div>
   <div class='ocr_carea' id='block_1_3' title="bbox 197 1617 1072 1701">
    <p class='ocr_par' dir='ltr' id='par_1_8' title="bbox 197 1617 1072 1701">
     <span class='ocr_line' id='line_1_12' title="bbox 197 1617 1072 1701; baseline 0 -21"><span class='ocrx_word' id='word_1_75' title='bbox 197 1659 199 1664; x_wconf 92' lang='lat'>-</span> <span class='ocrx_word' id='word_1_76' title='bbox 296 1617 429 1681; x_wconf 85' lang='lat' dir='ltr'>sustulit</span> <span class='ocrx_word' id='word_1_77' title='bbox 444 1626 623 1701; x_wconf 80' lang='lat' dir='ltr'>oppressos</span> <span class='ocrx_word' id='word_1_78' title='bbox 639 1618 724 1681; x_wconf 76' lang='lat' dir='ltr'>collo</span> <span class='ocrx_word' id='word_1_79' title='bbox 740 1627 838 1681; x_wconf 90' lang='lat' dir='ltr'>tenus</span> <span class='ocrx_word' id='word_1_80' title='bbox 853 1617 945 1680; x_wconf 72' lang='lat' dir='ltr'>arida</span> <span class='ocrx_word' id='word_1_81' title='bbox 960 1618 1072 1681; x_wconf 77' lang='lat' dir='ltr'>vultus</span> 
     </span>
    </p>
   </div>
   <div class='ocr_carea' id='block_1_4' title="bbox 294 1729 1305 2822">
    <p class='ocr_par' dir='ltr' id='par_1_9' title="bbox 295 1729 1151 1812">
     <span class='ocr_line' id='line_1_13' title="bbox 295 1729 1151 1812; baseline 0 -19"><span class='ocrx_word' id='word_1_82' title='bbox 295 1729 518 1812; x_wconf 86' lang='lat' dir='ltr'>opposuitque</span> <span class='ocrx_word' id='word_1_83' title='bbox 534 1750 669 1792; x_wconf 93' lang='lat' dir='ltr'>manum</span> <span class='ocrx_word' id='word_1_84' title='bbox 685 1731 789 1793; x_wconf 80' lang='lat' dir='ltr'>fronti</span> <span class='ocrx_word' id='word_1_85' title='bbox 803 1736 992 1812; x_wconf 76' lang='lat' dir='ltr'>magnoque</span> <span class='ocrx_word' id='word_1_86' title='bbox 1008 1737 1151 1793; x_wconf 76' lang='lat' dir='ltr'>tremore</span> 
     </span>
    </p>

    <p class='ocr_par' dir='ltr' id='par_1_10' title="bbox 296 1840 1297 1934">
     <span class='ocr_line' id='line_1_14' title="bbox 296 1840 1297 1934; baseline -0.003 -28"><span class='ocrx_word' id='word_1_87' title='bbox 296 1842 408 1906; x_wconf 89' lang='lat' dir='ltr'>omnia</span> <span class='ocrx_word' id='word_1_88' title='bbox 423 1841 616 1906; x_wconf 77' lang='lat' dir='ltr'>concutiens</span> <span class='ocrx_word' id='word_1_89' title='bbox 633 1842 768 1925; x_wconf 88' lang='lat' dir='ltr'>paulum</span> <span class='ocrx_word' id='word_1_90' title='bbox 785 1840 935 1905; x_wconf 78' lang='lat' dir='ltr'>subsedit</span> <span class='ocrx_word' id='word_1_91' title='bbox 949 1851 983 1904; x_wconf 92' lang='lat' dir='ltr'>et</span> <span class='ocrx_word' id='word_1_92' title='bbox 998 1841 1087 1904; x_wconf 76' lang='lat' dir='ltr'>infra</span> <span class='ocrx_word' id='word_1_93' title='bbox 1295 1931 1297 1934; x_wconf 16' lang='grc' dir='ltr'>Ι</span> 
     </span>
    </p>

    <p class='ocr_par' dir='ltr' id='par_1_11' title="bbox 296 1954 1305 2150">
     <span class='ocr_line' id='line_1_15' title="bbox 296 1954 1305 2037; baseline -0.001 -20"><span class='ocrx_word' id='word_1_94' title='bbox 296 1975 396 2037; x_wconf 90' lang='lat' dir='ltr'>quam</span> <span class='ocrx_word' id='word_1_95' title='bbox 412 1955 496 2018; x_wconf 88' lang='lat' dir='ltr'>solet</span> <span class='ocrx_word' id='word_1_96' title='bbox 512 1975 584 2018; x_wconf 90' lang='lat' dir='ltr'>esse</span> <span class='ocrx_word' id='word_1_97' title='bbox 601 1955 673 2030; x_wconf 83' lang='lat' dir='ltr'>fuit,</span> <span class='ocrx_word' id='word_1_98' title='bbox 690 1961 857 2037; x_wconf 75' lang='lat' dir='ltr'>raucaque</span> <span class='ocrx_word' id='word_1_99' title='bbox 872 1954 919 2017; x_wconf 92' lang='lat' dir='ltr'>ita</span> <span class='ocrx_word' id='word_1_100' title='bbox 934 1960 1015 2017; x_wconf 76' lang='lat' dir='ltr'>voce</span> <span class='ocrx_word' id='word_1_101' title='bbox 1031 1955 1142 2018; x_wconf 79' lang='lat' dir='ltr'>locuta</span> <span class='ocrx_word' id='word_1_102' title='bbox 1157 1963 1226 2018; x_wconf 91' lang='lat' dir='ltr'>est:</span> <span class='ocrx_word' id='word_1_103' title='bbox 1259 1974 1305 2028; x_wconf 82' lang='lat'>255</span> 
     </span>
     <span class='ocr_line' id='line_1_16' title="bbox 341 2053 1247 2150; baseline 0.001 -20"><span class='ocrx_word' id='word_1_104' title='bbox 341 2068 407 2131; x_wconf 86' lang='lat' dir='ltr'>“Si</span> <span class='ocrx_word' id='word_1_105' title='bbox 430 2069 539 2148; x_wconf 88' lang='lat' dir='ltr'>placet</span> <span class='ocrx_word' id='word_1_106' title='bbox 563 2068 635 2143; x_wconf 75' lang='lat' dir='ltr'>hoc,</span> <span class='ocrx_word' id='word_1_107' title='bbox 659 2077 840 2150; x_wconf 82' lang='lat' dir='ltr'>meruique,</span> <span class='ocrx_word' id='word_1_108' title='bbox 864 2066 943 2150; x_wconf 93' lang='lat' dir='ltr'>quid</span> <span class='ocrx_word' id='word_1_109' title='bbox 969 2053 1000 2132; x_wconf 78' lang='lat' dir='ltr'>O</span> <span class='ocrx_word' id='word_1_110' title='bbox 1024 2076 1082 2130; x_wconf 91' lang='lat' dir='ltr'>tua</span> <span class='ocrx_word' id='word_1_111' title='bbox 1106 2067 1247 2131; x_wconf 86' lang='lat' dir='ltr'>fulmina</span> 
     </span>
    </p>

    <p class='ocr_par' dir='ltr' id='par_1_12' title="bbox 383 2188 524 2254">
     <span class='ocr_line' id='line_1_17' title="bbox 383 2188 524 2254; baseline -0.014 -11"><span class='ocrx_word' id='word_1_112' title='bbox 383 2188 524 2254; x_wconf 88' lang='lat' dir='ltr'>cessant,</span> 
     </span>
    </p>

    <p class='ocr_par' dir='ltr' id='par_1_13' title="bbox 296 2272 1149 2374">
     <span class='ocr_line' id='line_1_18' title="bbox 296 2290 1149 2374; baseline -0.001 -18"><span class='ocrx_word' id='word_1_113' title='bbox 296 2313 423 2356; x_wconf 90' lang='lat' dir='ltr'>summe</span> <span class='ocrx_word' id='word_1_114' title='bbox 440 2292 561 2356; x_wconf 78' lang='lat' dir='ltr'>deum?</span> <span class='ocrx_word' id='word_1_115' title='bbox 608 2290 906 2373; x_wconf 79' lang='lat' dir='ltr'>Liceatperiturae</span> <span class='ocrx_word' id='word_1_116' title='bbox 921 2291 1046 2356; x_wconf 78' lang='lat' dir='ltr'>viribus</span> <span class='ocrx_word' id='word_1_117' title='bbox 1061 2292 1149 2374; x_wconf 80' lang='lat' dir='ltr'>ignis</span> 
     </span>
    </p>

    <p class='ocr_par' dir='ltr' id='par_1_14' title="bbox 294 2405 1069 2487">
     <span class='ocr_line' id='line_1_19' title="bbox 294 2405 1069 2487; baseline 0.001 -20"><span class='ocrx_word' id='word_1_118' title='bbox 294 2416 373 2487; x_wconf 79' lang='lat' dir='ltr'>igne</span> <span class='ocrx_word' id='word_1_119' title='bbox 390 2415 497 2486; x_wconf 79' lang='lat' dir='ltr'>perire</span> <span class='ocrx_word' id='word_1_120' title='bbox 513 2413 571 2467; x_wconf 79' lang='lat' dir='ltr'>tud</span> <span class='ocrx_word' id='word_1_121' title='bbox 587 2405 783 2487; x_wconf 74' lang='lat' dir='ltr'>clademque</span> <span class='ocrx_word' id='word_1_122' title='bbox 799 2412 934 2468; x_wconf 76' lang='lat' dir='ltr'>auctore</span> <span class='ocrx_word' id='word_1_123' title='bbox 950 2406 1069 2468; x_wconf 65' lang='lat' dir='ltr'>levore.</span> 
     </span>
    </p>

    <p class='ocr_par' dir='ltr' id='par_1_15' title="bbox 295 2516 1234 2599">
     <span class='ocr_line' id='line_1_20' title="bbox 295 2516 1234 2599; baseline 0.002 -20"><span class='ocrx_word' id='word_1_124' title='bbox 295 2516 360 2580; x_wconf 87' lang='lat' dir='ltr'>Vix</span> <span class='ocrx_word' id='word_1_125' title='bbox 375 2516 528 2598; x_wconf 89' lang='lat' dir='ltr'>equidem</span> <span class='ocrx_word' id='word_1_126' title='bbox 544 2516 660 2578; x_wconf 77' lang='lat' dir='ltr'>fauces</span> <span class='ocrx_word' id='word_1_127' title='bbox 674 2516 758 2580; x_wconf 89' lang='lat' dir='ltr'>haec</span> <span class='ocrx_word' id='word_1_128' title='bbox 774 2517 848 2599; x_wconf 87' lang='lat' dir='ltr'>ipsa</span> <span class='ocrx_word' id='word_1_129' title='bbox 863 2516 898 2580; x_wconf 92' lang='lat' dir='ltr'>in</span> <span class='ocrx_word' id='word_1_130' title='bbox 912 2516 1015 2580; x_wconf 86' lang='lat' dir='ltr'>verba</span> <span class='ocrx_word' id='word_1_131' title='bbox 1030 2517 1159 2581; x_wconf 75' lang='lat' dir='ltr'>resolvo</span> <span class='ocrx_word' id='word_1_132' title='bbox 1170 2518 1234 2562; x_wconf 88' lang='lat'>’&#39;—</span> 
     </span>
    </p>

    <p class='ocr_par' dir='ltr' id='par_1_16' title="bbox 295 2630 1305 2712">
     <span class='ocr_line' id='line_1_21' title="bbox 295 2630 1305 2712; baseline 0.004 -23"><span class='ocrx_word' id='word_1_133' title='bbox 295 2636 462 2710; x_wconf 90' lang='lat' dir='ltr'>presserat</span> <span class='ocrx_word' id='word_1_134' title='bbox 477 2635 534 2689; x_wconf 76' lang='lat' dir='ltr'>ora</span> <span class='ocrx_word' id='word_1_135' title='bbox 549 2647 663 2708; x_wconf 88' lang='lat' dir='ltr'>vapor.</span> <span class='ocrx_word' id='word_1_136' title='bbox 708 2633 726 2660; x_wconf 89' lang='lat'><strong>“</strong></span> <span class='ocrx_word' id='word_1_137' title='bbox 736 2630 856 2693; x_wconf 77' lang='lat' dir='ltr'>Tostos</span> <span class='ocrx_word' id='word_1_138' title='bbox 872 2637 913 2692; x_wconf 76' lang='lat' dir='ltr'>en</span> <span class='ocrx_word' id='word_1_139' title='bbox 930 2631 1043 2712; x_wconf 88' lang='lat' dir='ltr'>aspice</span> <span class='ocrx_word' id='word_1_140' title='bbox 1059 2640 1167 2707; x_wconf 81' lang='lat' dir='ltr'>crinis,</span> <span class='ocrx_word' id='word_1_141' title='bbox 1259 2652 1305 2703; x_wconf 88' lang='lat'>260</span> 
     </span>
    </p>

    <p class='ocr_par' dir='ltr' id='par_1_17' title="bbox 295 2739 1175 2822">
     <span class='ocr_line' id='line_1_22' title="bbox 295 2739 1175 2822; baseline 0.002 -20"><span class='ocrx_word' id='word_1_142' title='bbox 295 2739 396 2822; x_wconf 90' lang='lat' dir='ltr'>inque</span> <span class='ocrx_word' id='word_1_143' title='bbox 411 2739 514 2803; x_wconf 77' lang='lat' dir='ltr'>oculis</span> <span class='ocrx_word' id='word_1_144' title='bbox 530 2748 669 2815; x_wconf 87' lang='lat' dir='ltr'>tanturn,</span> <span class='ocrx_word' id='word_1_145' title='bbox 686 2748 817 2803; x_wconf 87' lang='lat' dir='ltr'>tantum</span> <span class='ocrx_word' id='word_1_146' title='bbox 834 2761 934 2822; x_wconf 89' lang='lat' dir='ltr'>super</span> <span class='ocrx_word' id='word_1_147' title='bbox 950 2751 1007 2805; x_wconf 77' lang='lat' dir='ltr'>dra</span> <span class='ocrx_word' id='word_1_148' title='bbox 1023 2742 1175 2816; x_wconf 78' lang='lat' dir='ltr'>favillae!</span> 
     </span>
    </p>
   </div>
   <div class='ocr_carea' id='block_1_5' title="bbox 268 2963 1303 3837">
    <p class='ocr_par' dir='ltr' id='par_1_18' title="bbox 268 2963 1185 3160">
     <span class='ocr_line' id='line_1_23' title="bbox 268 2963 1102 3047; baseline 0.001 -19"><span class='ocrx_word' id='word_1_149' title='bbox 268 2975 274 2988; x_wconf 83' lang='lat'>’</span> <span class='ocrx_word' id='word_1_150' title='bbox 295 2963 459 3047; x_wconf 81' lang='lat' dir='ltr'>officiique</span> <span class='ocrx_word' id='word_1_151' title='bbox 475 2964 590 3040; x_wconf 67' lang='lat' dir='ltr'>refers</span> <span class='ocrx_word' id='word_1_152' title='bbox 607 2963 696 3047; x_wconf 94' lang='lat' dir='ltr'>quod</span> <span class='ocrx_word' id='word_1_153' title='bbox 712 2965 833 3028; x_wconf 79' lang='lat' dir='ltr'>adunci</span> <span class='ocrx_word' id='word_1_154' title='bbox 847 2966 985 3029; x_wconf 90' lang='lat' dir='ltr'>vulnera</span> <span class='ocrx_word' id='word_1_155' title='bbox 1001 2974 1102 3030; x_wconf 73' lang='lat' dir='ltr'>aratri</span> 
     </span>
     <span class='ocr_line' id='line_1_24' title="bbox 295 3078 1185 3160; baseline 0.002 -20"><span class='ocrx_word' id='word_1_156' title='bbox 295 3085 542 3160; x_wconf 77' lang='lat' dir='ltr'>rastrorumque</span> <span class='ocrx_word' id='word_1_157' title='bbox 557 3078 631 3158; x_wconf 77' lang='lat' dir='ltr'>ferd</span> <span class='ocrx_word' id='word_1_158' title='bbox 646 3084 781 3160; x_wconf 75' lang='lat' dir='ltr'>totoque</span> <span class='ocrx_word' id='word_1_159' title='bbox 797 3097 950 3142; x_wconf 87' lang='lat' dir='ltr'>exerceor</span> <span class='ocrx_word' id='word_1_160' title='bbox 966 3087 1063 3155; x_wconf 78' lang='lat' dir='ltr'>anno,</span> <span class='ocrx_word' id='word_1_161' title='bbox 1182 3085 1185 3091; x_wconf 85' lang='lat'>&#39;</span> 
     </span>
    </p>

    <p class='ocr_par' dir='ltr' id='par_1_19' title="bbox 293 3184 1301 3386">
     <span class='ocr_line' id='line_1_25' title="bbox 295 3184 1301 3274; baseline 0.003 -21"><span class='ocrx_word' id='word_1_162' title='bbox 295 3190 385 3273; x_wconf 93' lang='lat' dir='ltr'>quod</span> <span class='ocrx_word' id='word_1_163' title='bbox 402 3199 514 3272; x_wconf 80' lang='lat' dir='ltr'>pecori</span> <span class='ocrx_word' id='word_1_164' title='bbox 528 3184 675 3266; x_wconf 65' lang='lat' dir='ltr'>frondes</span> <span class='ocrx_word' id='word_1_165' title='bbox 692 3190 915 3273; x_wconf 88' lang='lat' dir='ltr'>alimentaque</span> <span class='ocrx_word' id='word_1_166' title='bbox 931 3191 1023 3254; x_wconf 77' lang='lat' dir='ltr'>mitia</span> <span class='ocrx_word' id='word_1_167' title='bbox 1038 3191 1153 3274; x_wconf 71' lang='lat' dir='ltr'>fruges</span> <span class='ocrx_word' id='word_1_168' title='bbox 1255 3205 1301 3272; x_wconf 86' lang='lat'>265</span> 
     </span>
     <span class='ocr_line' id='line_1_26' title="bbox 293 3302 1119 3386; baseline 0.004 -22"><span class='ocrx_word' id='word_1_169' title='bbox 293 3303 442 3366; x_wconf 75' lang='lat' dir='ltr'>humano</span> <span class='ocrx_word' id='word_1_170' title='bbox 458 3312 581 3385; x_wconf 83' lang='lat' dir='ltr'>generi,</span> <span class='ocrx_word' id='word_1_171' title='bbox 598 3302 691 3365; x_wconf 77' lang='lat' dir='ltr'>vobis</span> <span class='ocrx_word' id='word_1_172' title='bbox 708 3323 841 3386; x_wconf 89' lang='lat' dir='ltr'>quoque</span> <span class='ocrx_word' id='word_1_173' title='bbox 856 3310 931 3366; x_wconf 79' lang='lat' dir='ltr'>tura</span> <span class='ocrx_word' id='word_1_174' title='bbox 946 3303 1119 3368; x_wconf 78' lang='lat' dir='ltr'>ministro?</span> 
     </span>
    </p>

    <p class='ocr_par' dir='ltr' id='par_1_20' title="bbox 295 3413 1204 3499">
     <span class='ocr_line' id='line_1_27' title="bbox 295 3413 1204 3499; baseline 0.002 -21"><span class='ocrx_word' id='word_1_175' title='bbox 295 3416 355 3478; x_wconf 91' lang='lat' dir='ltr'>sed</span> <span class='ocrx_word' id='word_1_176' title='bbox 370 3424 483 3478; x_wconf 87' lang='lat' dir='ltr'>tamen</span> <span class='ocrx_word' id='word_1_177' title='bbox 499 3413 632 3478; x_wconf 91' lang='lat' dir='ltr'>exitium</span> <span class='ocrx_word' id='word_1_178' title='bbox 648 3415 702 3477; x_wconf 84' lang='lat' dir='ltr'>fac</span> <span class='ocrx_word' id='word_1_179' title='bbox 718 3422 772 3478; x_wconf 79' lang='lat' dir='ltr'>me</span> <span class='ocrx_word' id='word_1_180' title='bbox 787 3415 966 3493; x_wconf 90' lang='lat' dir='ltr'>meruisse;</span> <span class='ocrx_word' id='word_1_181' title='bbox 991 3417 1069 3499; x_wconf 93' lang='lat' dir='ltr'>quid</span> <span class='ocrx_word' id='word_1_182' title='bbox 1085 3417 1204 3493; x_wconf 87' lang='lat' dir='ltr'>undae,</span> 
     </span>
    </p>

    <p class='ocr_par' dir='ltr' id='par_1_21' title="bbox 296 3526 1045 3612">
     <span class='ocr_line' id='line_1_28' title="bbox 296 3526 1045 3612; baseline 0.001 -21"><span class='ocrx_word' id='word_1_183' title='bbox 296 3528 375 3612; x_wconf 93' lang='lat' dir='ltr'>quid</span> <span class='ocrx_word' id='word_1_184' title='bbox 391 3527 511 3591; x_wconf 92' lang='lat' dir='ltr'>meruit</span> <span class='ocrx_word' id='word_1_185' title='bbox 526 3526 653 3589; x_wconf 64' lang='lat' dir='ltr'>freter?</span> <span class='ocrx_word' id='word_1_186' title='bbox 676 3527 745 3592; x_wconf 80' lang='lat' dir='ltr'>Cur</span> <span class='ocrx_word' id='word_1_187' title='bbox 759 3527 807 3590; x_wconf 80' lang='lat' dir='ltr'>illr</span> <span class='ocrx_word' id='word_1_188' title='bbox 821 3528 942 3591; x_wconf 78' lang='lat' dir='ltr'>tradita</span> <span class='ocrx_word' id='word_1_189' title='bbox 958 3538 1045 3592; x_wconf 91' lang='lat' dir='ltr'>sorte</span> 
     </span>
    </p>

    <p class='ocr_par' dir='ltr' id='par_1_22' title="bbox 296 3640 1303 3837">
     <span class='ocr_line' id='line_1_29' title="bbox 296 3640 1215 3723; baseline -0.002 -19"><span class='ocrx_word' id='word_1_190' title='bbox 296 3660 441 3723; x_wconf 84' lang='lat' dir='ltr'>aequora</span> <span class='ocrx_word' id='word_1_191' title='bbox 456 3640 652 3702; x_wconf 72' lang='lat' dir='ltr'>decrescunt</span> <span class='ocrx_word' id='word_1_192' title='bbox 668 3648 701 3702; x_wconf 90' lang='lat' dir='ltr'>et</span> <span class='ocrx_word' id='word_1_193' title='bbox 717 3640 759 3703; x_wconf 91' lang='lat' dir='ltr'>ab</span> <span class='ocrx_word' id='word_1_194' title='bbox 774 3641 909 3704; x_wconf 90' lang='lat' dir='ltr'>aethere</span> <span class='ocrx_word' id='word_1_195' title='bbox 924 3641 1056 3723; x_wconf 87' lang='lat' dir='ltr'>longius</span> <span class='ocrx_word' id='word_1_196' title='bbox 1072 3640 1215 3704; x_wconf 90' lang='lat' dir='ltr'>absunt?</span> 
     </span>
     <span class='ocr_line' id='line_1_30' title="bbox 297 3750 1303 3837; baseline 0.004 -21"><span class='ocrx_word' id='word_1_197' title='bbox 297 3752 397 3837; x_wconf 87' lang='lat' dir='ltr'>Quod</span> <span class='ocrx_word' id='word_1_198' title='bbox 413 3761 442 3814; x_wconf 78' lang='lat' dir='ltr'>si</span> <span class='ocrx_word' id='word_1_199' title='bbox 456 3771 518 3814; x_wconf 90' lang='lat' dir='ltr'>nec</span> <span class='ocrx_word' id='word_1_200' title='bbox 534 3750 647 3814; x_wconf 79' lang='lat' dir='ltr'>fratris</span> <span class='ocrx_word' id='word_1_201' title='bbox 663 3771 725 3814; x_wconf 91' lang='lat' dir='ltr'>nec</span> <span class='ocrx_word' id='word_1_202' title='bbox 741 3759 775 3815; x_wconf 74' lang='lat' dir='ltr'>te</span> <span class='ocrx_word' id='word_1_203' title='bbox 791 3771 864 3815; x_wconf 89' lang='lat' dir='ltr'>mea</span> <span class='ocrx_word' id='word_1_204' title='bbox 880 3752 988 3834; x_wconf 75' lang='lat' dir='ltr'>gratia</span> <span class='ocrx_word' id='word_1_205' title='bbox 1003 3753 1120 3836; x_wconf 87' lang='lat' dir='ltr'>tangit,</span> <span class='ocrx_word' id='word_1_206' title='bbox 1256 3784 1303 3832; x_wconf 89' lang='lat'>270</span> 
     </span>
    </p>
   </div>
   <div class='ocr_carea' id='block_1_6' title="bbox 0 0 1498 4388">
    <p class='ocr_par' dir='ltr' id='par_1_23' title="bbox 0 0 1498 4388">
     <span class='ocr_line' id='line_1_31' title="bbox 0 0 1498 4388; baseline 0 0"><span class='ocrx_word' id='word_1_207' title='bbox 0 0 1498 4388; x_wconf 95' lang='lat' dir='ltr'> </span> 
     </span>
    </p>
   </div>
  </div>
 </body>
</html>
