2996 4384
312 352 381 420 124
510 340 760 400 SELECTIONS
790 340 907 397 FROM
940 339 1044 398 OVlD

462 659 612 730 XXXI.
650 658 783 728 OVID
814 656 1096 729 BANISHED

309 862 394 926 Cum
411 859 500 923 subit
515 859 602 922 illius
618 857 807 921 tristissima
824 859 930 921 noctis
947 857 1058 939 imago

353 994 418 1056 qua
434 973 514 1035 mihi
530 991 720 1053 supremum
736 979 869 1052 tempus
885 970 918 1032 in
935 969 1016 1032 urbe
1033 970 1105 1045 fuit,

196 1109 197 1113 ¹
309 1106 384 1149 cum
401 1094 516 1166 repeto
533 1093 664 1147 noctem
681 1103 746 1165 qua
761 1092 811 1146 tot
826 1082 908 1144 mihi
923 1102 1000 1145 cara
1016 1080 1141 1164 reliqui,

353 1198 474 1261 labitur
489 1217 530 1260 ex
546 1196 649 1260 oculis
664 1216 752 1259 nunc
769 1215 901 1278 quoque
917 1202 1013 1276 gutta
1028 1193 1118 1257 meis.

116 1313 162 1358 Hi·
313 1313 386 1374 Iam
403 1330 508 1393 prope
524 1310 580 1372 lux
596 1308 712 1382 aderat
727 1329 793 1390 qua
809 1327 862 1371 me
878 1306 1049 1371 discedere
1066 1307 1190 1371 Caesar
1302 1332 1316 1386 5

116 1389 192 1435 neom
354 1423 475 1486 finibus
491 1432 656 1486 extremae
672 1421 813 1484 iusserat
828 1420 1008 1483 Ausoniae.

311 1538 384 1600 Nec
401 1535 547 1619 spatium
563 1536 673 1598 fuerat
689 1554 750 1598 nec
767 1553 860 1596 mens
877 1534 956 1595 satis
972 1541 1052 1613 apta
1067 1531 1224 1614 parandi;

312 1664 315 1669 '
353 1657 549 1731 torpuerant
566 1649 665 1728 longa
681 1656 817 1729 pectora
832 1654 946 1708 nostra
962 1664 1062 1707 mora.

311 1762 388 1824 Non
405 1761 486 1823 mihi
501 1780 680 1835 servorum,
696 1758 833 1822 comites
848 1778 916 1820 non
932 1777 1011 1820 cura
1027 1755 1169 1838 legendi,

353 1895 420 1937 non
437 1882 535 1956 aptae
552 1872 695 1955 profugo
710 1870 812 1934 vestis
827 1870 942 1952 opisve
959 1870 1030 1932 fuit.
1288 1904 1317 1938 10

312 1988 389 2050 Non
406 1986 501 2048 aliter
516 1985 628 2067 stupui
644 2004 743 2067 quam
759 1983 816 2066 qui
834 1983 923 2046 Iovis
940 1982 1073 2064 ignibus
1089 1981 1175 2046 ictus

352 2098 433 2162 vivit
449 2107 482 2161 et
498 2107 549 2160 est
563 2096 651 2160 vitae
667 2096 799 2159 nescius
815 2095 887 2178 ipse
903 2115 992 2158 suae.

310 2213 358 2276 Ut
373 2221 485 2274 tamen
503 2212 589 2273 hanc
605 2208 706 2272 animi
721 2208 841 2271 nubem
860 2208 953 2271 dolor
967 2209 1040 2292 ipse
1056 2207 1204 2285 removit,

353 2333 388 2386 ut
404 2323 540 2387 tandem
556 2342 674 2385 sensus
691 2321 888 2385 convaluere
905 2321 979 2397 mei,

116 2451 221 2497 suenus
308 2436 470 2519 adloquor
485 2446 668 2499 extremum
685 2443 830 2498 maestos
847 2433 996 2497 abiturus
1013 2435 1145 2509 amicos
1286 2464 1315 2517 ις

116 2526 201 2590 ἅθ’-ἠ
352 2550 408 2631 qui
424 2548 523 2610 modo
539 2547 580 2610 de
596 2545 709 2609 multis
725 2566 812 2609 unus
828 2556 862 2609 et
877 2546 961 2610 alter
977 2555 1081 2634 erant.

164 2703 166 2707 .
244 2686 247 2692 ·
309 2663 403 2726 Uxor
419 2667 535 2723 ama‘ns
550 2660 686 2722 flentem
702 2659 785 2722 flens
801 2659 909 2722 acrius
925 2659 998 2739 ipsa
1014 2657 1157 2734 tenebat,

168 2757 170 2762 ⁵
351 2773 455 2836 imbre
473 2791 532 2853 per
547 2771 702 2852 indignas
718 2791 823 2853 usque
840 2770 979 2835 cadente
995 2791 1109 2851 genas.

309 2886 398 2948 Nata
415 2885 531 2966 procul
549 2883 683 2968 Libycis
701 2883 817 2947 aberat
833 2883 964 2947 diversa
980 2883 1041 2947 sub
1058 2883 1133 2960 oris,

350 3018 412 3061 nec
429 3005 560 3080 poterat
575 2997 636 3060 fati
652 2996 771 3060 certior
786 2996 949 3061 esse'mei.
1283 3021 1314 3055 20

114 3118 184 3166 Grief
307 3111 527 3193 Quocumque
540 3109 715 3192 aspiceres
727 3109 835 3173 luctus
851 3109 1061 3190 gemitusque
1081 3107 1253 3184 sonabant,

113 3193 157 3314 {fle
350 3223 523 3304 formaque
539 3242 606 3285 non
623 3221 714 3285 taciti
730 3221 856 3284 funeris
873 3221 961 3284 intus
978 3230 1057 3284 erat.

113 3343 253 3389 flouseuou
307 3335 446 3399 Femina
461 3335 576 3417 virque
592 3355 675 3410 meo,
694 3334 787 3415 pueri
803 3337 943 3416 quoque,
961 3334 1079 3397 funere
1095 3343 1253 3410 maerent,

348 3447 448 3530 inque
465 3447 563 3510 domo
580 3446 733 3509 lacrimas
750 3447 891 3527 angulus
908 3447 1016 3509 omnis
1033 3445 1142 3509 habet.
1225 3497 1228 3508 .

306 3561 342 3625 Si
358 3561 435 3625 licet
451 3559 610 3640 exemplis
626 3561 660 3620 in
677 3579 779 3640 parvo
796 3558 978 3639 grandibus
995 3559 1052 3634 uti,
1283 3579 1312 3631 25

348 3674 431 3737 haec
447 3671 551 3735 facies
566 3670 696 3746 Troiae,
715 3691 790 3734 cum
808 3681 992 3752 caperetur,
1010 3679 1089 3733 erat.

304 3788 442 3868 Iamque
455 3782 673 3866 quiescebant
685 3803 784 3846 voces
800 3783 1037 3865 hominumque
1056 3802 1252 3864 canumque,
