2996 4384
564 337 668 395 ovio
699 339 905 396 samsom)
1144 348 1210 422 125

305 521 467 603 Lunaque
484 529 664 584 nocturnos
680 520 748 584 alta
763 521 902 603 regebat
918 542 1041 604 equos..

261 633 360 695 Hanc
376 652 440 714 ego
457 632 640 715 suspiciens
657 642 690 696 et
706 632 748 696 ab
765 634 827 697 hac
845 634 1010 717 Capitolia
1026 655 1176 724 cernens,
1228 644 1349 692 Ruebant

204 757 234 812 30
303 765 388 827 quae
405 754 519 808 nostro
535 745 659 808 frustra
675 746 788 809 iuncta
804 747 899 810 fuere
917 746 1005 822 Lari,
1228 721 1278 766 ’Μ

245 862 279 902 ·“
291 857 438 920 Numina
453 857 569 921 vicinis
585 858 770 921 habitantia
786 858 951 935 sedibus,¹'
968 861 1114 941 inquam,

304 971 459 1052 “iamque
475 969 579 1033 oculis
595 990 776 1054 numquam
793 973 919 1053 templa
934 971 1079 1035 videnda
1096 971 1187 1049 meiS,
1292 1018 1297 1028 .

259 1081 357 1164 dique
373 1081 590 1164 relinquendi,
608 1103 692 1165 quos
708 1084 787 1147 urbs
804 1083 905 1148 habet
921 1085 989 1148 alta
1005 1085 1145 1166 Quirini,

301 1204 372 1259 este
389 1194 522 1257 salutati
537 1204 670 1279 tempus
686 1197 719 1258 in
737 1215 835 1260 omne
851 1195 952 1261 mihi..

202 1324 233 1379 35
260 1308 304 1371 Et
320 1327 522 1390 quamquam
538 1327 611 1370 sero
628 1306 772 1389 clipeum
789 1317 866 1390 post
882 1309 1020 1372 vulnera
1037 1329 1141 1384 sumo,

302 1429 448 1483 attamen
466 1420 552 1483 hanc
568 1419 652 1483 odiis
667 1430 844 1484 exonerate
861 1421 987 1502 fugam,

258 1533 458 1615 caelestique
474 1532 544 1595 viro
561 1531 635 1615 quis
651 1551 704 1595 me
722 1532 891 1614 deceperit
906 1554 997 1597 error

302 1644 408 1721 dicite,
427 1665 486 1726 pro
503 1646 660 1727 culpane
677 1646 786 1709 scelus
803 1665 877 1710 esse
893 1655 997 1728 putet.

259 1759 308 1822 Ut
323 1757 412 1840 quod
427 1778 487 1821 vos
503 1757 603 1834 scitis,
622 1778 751 1840 poenae
768 1778 900 1841 quoque
917 1758 1040 1822 sentiat
1055 1768 1178 1836 auctor,

200 1904 232 1952 40
302 1872 432 1953 placato
449 1890 584 1952 possum
601 1892 670 1934 non
687 1870 787 1934 miser
803 1890 877 1934 esse
893 1871 987 1934 de0.’'

259 1983 335 2046 Hac
351 2002 450 2065 prece
466 1983 601 2046 adoravi
617 2004 755 2066 superos
771 2003 853 2065 ego,
879 1983 1029 2065 pluribus
1045 2004 1135 2060 uxor,

301 2095 448 2177 singultu
464 2096 591 2159 medios
606 2097 811 2179 impediente
828 2116 937 2159 sonos.

258 2209 321 2272 Illa
336 2209 435 2272 etiam
452 2219 530 2272 ante
548 2210 652 2272 Lares
669 2208 794 2292 sparsis
810 2217 934 2272 astrata
950 2207 1078 2289 capillis

198 2362 200 2366 .
300 2321 438 2404 contigit
454 2323 635 2385 exstinctos
650 2342 707 2385 ore
723 2330 887 2385 tremente
904 2321 1007 2397 focos,

200 2458 229 2510 45
256 2435 426 2516 multaque
442 2434 475 2496 in
492 2434 650 2497 adversos
665 2433 785 2498 effudit
801 2432 904 2497 verba
921 2435 1054 2498 Penatis

300 2567 360 2629 pro
377 2547 548 2627 deplorato
564 2567 632 2610 non
648 2546 789 2610 valitura
805 2545 883 2609 vir0.

257 2659 394 2741 Iamque
411 2679 524 2722 morae
539 2660 682 2740 spatium
700 2680 764 2722 nox
780 2658 998 2743 praecipitata
1014 2658 1168 2740 negabat,
1224 2658 1277 2705 aue

298 2791 459 2854 versaque
476 2771 517 2834 ab
534 2792 593 2834 axe
611 2792 670 2834 suo
688 2771 859 2836 Parrhasis
877 2772 1000 2835 Arctos
1016 2780 1096 2834 erat.
1223 2733 1290 2854 ἔξω

256 2883 345 2966 Quid
362 2884 531 2948 facerem?
571 2885 700 2948 Blando
717 2885 844 2967 patriae
861 2883 1029 2949 retinebar
1044 2904 1173 2961 amore;
1221 2881 1368 3006 mm

198 3017 228 3072 50
298 2996 414 3059 ultima
430 2997 489 3060 sed
505 2997 614 3061 iussae
631 3017 696 3060 nox
712 3007 783 3060 erat
799 2998 854 3060 illa
870 2999 981 3079 fugae.

254 3108 322 3185 Ah,
340 3109 492 3191 quotiens
508 3110 618 3193 aliquo
635 3109 701 3172 dixi
717 3120 929 3192 properante,
949 3109 1069 3192 “Quid
1082 3109 1205 3192 urges?

297 3220 361 3285 Vel
378 3242 443 3303 quo
460 3223 599 3285 festines
616 3221 662 3285 ire
678 3223 732 3285 vel
748 3222 845 3298 unde,
864 3221 971 3286 vide.”

253 3333 319 3410 Ah,
338 3311 490 3416 quotiens
505 3344 629 3398 certam
646 3354 699 3398 me
715 3355 788 3397 sum
805 3334 963 3398 mentitus
979 3333 1103 3398 habere

297 3446 423 3522 horam,
442 3449 630 3528 propositae
647 3467 732 3528 quae
750 3448 836 3511 foret
852 3456 931 3528 apta
946 3446 1028 3511 viae.

197 3577 225 3630 55
253 3559 320 3620 Ter
336 3558 435 3621 limen
452 3558 556 3639 tetigi,
573 3568 624 3621 ter
641 3579 712 3621 sum
730 3569 913 3636 revocatus,
932 3560 1053 3641 etipse

296 3670 474 3751 indulgens
490 3672 602 3733 animo
618 3691 678 3752 pes
695 3671 776 3733 mihi
792 3672 906 3734 tardus
923 3682 1003 3735 erat.

254 3783 364 3864 Saepe
382 3779 491 3842 ‘vale'
509 3785 596 3846 dicto
613 3802 726 3849 rursus
743 3801 815 3848 sum
834 3785 929 3866 plura
946 3788 1085 3862 locutus,
