2996 4384
94 502 227 550 notorious

95 579 261 638 Transgress-

94 665 135 700 ors

95 2311 150 2358 And

94 2383 254 2444 Tisiphonen

94 2460 202 2508 Answer

294 312 361 405 156
501 323 750 382 SELECTIONS
781 323 899 381 FROM
930 325 1034 382 OVID

288 507 360 570 Aut
377 509 462 589 petis
478 518 535 571 aut
551 529 650 590 urges
667 493 858 585 rediturum,
877 510 1030 594 Sisyphe,
1048 531 1172 573 saxum.

288 620 441 683 Volvitur
460 622 553 684 Ixion
570 631 604 684 et
620 642 655 685 se
673 624 886 704 sequiturque
902 623 1064 705 fugitque.

289 732 466 815 Molirique
483 733 551 796 suis
567 733 669 797 letum
686 733 890 818 patruelibus
907 755 1008 797 ausae

287 845 446 908 adsiduae
463 855 619 928 repetunt
635 866 717 929 quas
731 847 873 928 perdant
891 848 1023 911 Belides
1039 849 1154 911 undas

288 958 382 1040 Quos
399 959 507 1021 omnis
515 958 594 1022 acie
610 968 788 1042 postquam
806 960 963 1023 Saturnia
979 969 1073 1024 torva

287 1071 377 1147 vidit,
395 1081 429 1134 et
445 1082 522 1134 ante
539 1071 646 1135 omnis
665 1073 791 1149 Ixiona,
809 1093 923 1136 rursus
939 1073 981 1135 ab
994 1073 1049 1136 illo

289 1183 458 1267 Sisyphon
475 1184 650 1266 aspidem,
670 1185 767 1249 “Cur
783 1185 837 1248 hic
853 1205 872 1248 e
888 1186 1077 1262 iratribus,”
1095 1187 1210 1268 inquit,

289 1300 499 1378 “perpetuas
512 1298 636 1378 patitur
652 1317 787 1378 poenas,
805 1296 1016 1360 Athamanta
1032 1299 1210 1380 superbum
1268 1321 1299 1374 35

288 1409 381 1490 regia
397 1408 489 1471 dives
506 1409 616 1486 habet,
633 1409 691 1492 qui
707 1430 759 1472 me
776 1430 851 1473 cum
865 1411 1007 1491 coniuge
1024 1431 1155 1492 semper

289 1521 436 1603 sprevit?
448 1522 465 1546 ”
514 1523 558 1584 Et
574 1522 711 1604 exponit
727 1543 845 1585 causas
861 1522 993 1604 odiique
1009 1523 1158 1606 viaeque,

289 1633 434 1715 quidque
450 1633 537 1696 velit.
586 1634 686 1715 Quod
700 1634 801 1698 vellet
817 1644 888 1698 erat
903 1655 946 1698 ne
956 1635 1048 1717 regia
1066 1636 1183 1700 Cadmi

289 1755 400 1821 staret,
418 1754 452 1808 et
464 1747 498 1808 in
508 1747 640 1809 facinus
655 1747 825 1810 traherent
842 1748 1052 1810 Athamanta
1068 1768 1206 1811 sorores.
1272 1771 1278 1776 ·

333 1858 525 1938 Imperium,
540 1858 712 1939 promissa,
731 1879 847 1941 preces
865 1861 1039 1923 confundit
1055 1859 1088 1922 in
1105 1880 1216 1936 unum,
1266 1885 1298 1931 40

289 1969 508 2052 sollicitatque
525 1970 613 2033 deas
633 2017 636 2023 .
662 1972 716 2035 Sic
733 1972 816 2035 haec
835 1973 964 2036 Iunone
981 1974 1099 2048 locuta,

289 2082 472 2163 Tisiphone
486 2103 597 2160 canos
616 2092 651 2145 ut
666 2095 747 2160 erat,
765 2085 897 2147 turbata
914 2085 1051 2167 capillos

290 2196 393 2258 movit
408 2205 442 2258 et
458 2195 620 2259 obstantis
637 2196 751 2259 reiecit
767 2197 808 2259 ab
825 2217 882 2260 ore
899 2197 1072 2274 colubras;

289 2317 388 2389 atque
401 2307 456 2384 ita,
470 2313 488 2340 ‘⁴
497 2309 573 2370 Non
587 2308 695 2389 longis
707 2329 791 2391 opus
804 2318 855 2372 est
868 2309 1094 2391 ambagibuS,”
1112 2309 1218 2392 inquit
1232 2330 1238 2372 :

290 2421 405 2484 “lacta
421 2430 511 2502 puta,
524 2441 753 2503 quaecumque
766 2421 869 2485 iubes.
904 2422 1087 2484 Inamabile
1098 2442 1238 2502 regnum
1266 2444 1297 2497 45

287 2532 403 2596 desere
419 2542 518 2615 teque
534 2533 623 2596 refer
639 2532 722 2596 caeli
739 2533 882 2598 melioris
899 2534 941 2596 ad
957 2535 1085 2596 auras.'’

289 2645 395 2708 Laeta
410 2645 495 2708 redit
513 2645 606 2708 Iuno.
655 2645 766 2727 Quam
783 2647 912 2709 caelum
928 2644 1051 2708 intrare
1065 2657 1238 2727 parantem

287 2757 405 2819 roratis
422 2757 574 2820 lustravit
589 2759 683 2840 aquis
700 2758 942 2820 Thaumantias
962 2758 1033 2820 Iris,

332 2966 370 3016 28.
390 2966 535 3028 sisypho:
561 2967 720 3015 condemned
737 2974 763 3016 to
781 2968 827 3016 roll
845 2984 860 3016 a
877 2975 949 3016 stone
968 2984 1002 3032 up
1018 2984 1033 3015 a
1045 2968 1097 3026 hill,
1114 2969 1177 3018 from
1194 2968 1237 3017 the

286 3056 330 3113 top
343 3049 372 3097 of
380 3049 462 3098 which
476 3049 493 3097 it
506 3049 596 3112 always
609 3049 688 3098 rolled
701 3050 774 3098 down
786 3051 868 3112 again.
904 3064 942 3112 29.
960 3051 1065 3100 Ixion:
1080 3052 1238 3100 condemned

285 3138 312 3180 to
330 3133 361 3179 be
380 3132 494 3180 fastened
512 3147 578 3179 ona
597 3132 727 3195 revolving
744 3133 832 3182 wheel.
871 3146 909 3196 30.
932 3134 1035 3182 Moliri
1052 3134 1165 3184 letum:
1185 3136 1240 3198 plat

286 3215 613 3276 death-patruelibus:
628 3217 733 3264 cousins.
769 3229 808 3278 31.
825 3217 963 3265 Belides:
978 3216 1242 3283 granddaughtersos

286 3298 370 3346 Belus.
415 3296 486 3360 They
504 3313 569 3346 were
590 3298 750 3346 condemned
773 3306 800 3347 to
823 3314 887 3363 pour
911 3306 987 3347 water
1011 3299 1164 3362 continually
1184 3301 1237 3349 into

285 3379 427 3443 perforated
436 3379 494 3442 jars.
525 3393 564 3442 32.
581 3384 683 3430 torva:
703 3397 798 3446 savage,
838 3383 877 3444 36.
890 3395 959 3432 cum
972 3383 1108 3445 coniuge:
1127 3384 1187 3432 with
1198 3385 1237 3432 his

284 3464 350 3528 wisc,
373 3463 415 3512 i.e.
436 3463 492 3512 Ino,
533 3463 571 3526 38.
596 3464 685 3524 Quod
708 3465 802 3514 vellet
824 3469 903 3515 erat:
928 3467 997 3514 what
1012 3467 1052 3514 she
1069 3467 1165 3514 wished
1178 3483 1235 3516 was.

284 3559 323 3608 39.
341 3545 509 3598 traherent:
529 3561 564 3596 sc.
577 3555 612 3606 ut,
630 3549 694 3596 from
711 3548 754 3597 the
772 3549 904 3611 foregoing
922 3567 959 3598 ne.
1000 3563 1040 3611 42.
1059 3549 1234 3612 Tisiphone:

284 3629 369 3676 aneos
378 3629 421 3678 the
433 3630 526 3678 Furies.
535 3656 568 3665 -
577 3642 672 3680 canoa
684 3631 826 3693 capillos:
840 3633 919 3695 haary
930 3633 999 3681 hair.
1022 3645 1062 3694 43.
1075 3632 1235 3683 colubras:

283 3712 378 3760 snakes.
410 3727 450 3773 44.
467 3713 659 3774 ambagibus:
675 3714 769 3762 details.
803 3713 842 3774 48.
859 3715 987 3763 rorans.
1004 3750 1009 3762 .
1026 3750 1031 3761 .
1047 3716 1147 3776 aquis:
1158 3715 1236 3778 puri·

276 3795 335 3860 fied
342 3796 403 3844 with
411 3795 545 3859 sprinhled
550 3804 635 3845 water.
645 3823 678 3832 -
685 3795 914 3846 Thaumantias:
929 3797 1051 3861 daughter
1060 3798 1091 3862 os
1099 3798 1235 3846 Thaumas.
