2988 4388
95 1492 148 1538 The

95 1565 190 1613 baleful

96 1641 208 1689 Godders

285 302 336 370 40
503 293 753 378 sELECTIQNs
779 293 897 351 FROM
927 293 1031 350 OVlD

286 477 435 539 constitit
451 485 528 540 ante
544 476 680 539 domum
695 472 820 558 (neque
836 475 924 539 enim
944 475 1122 539 succedere
1142 476 1238 538 tectis

286 589 340 652 fas
357 588 473 674 habet)
487 598 521 652 et
537 588 641 670 postis
657 596 804 652 extrema
819 589 958 670 cuspide
974 587 1085 670 pulsat
1098 609 1105 664 ;

287 721 469 765 concussae
485 711 623 783 patuere
639 701 748 776 fores;
773 701 864 763 videt
879 700 968 763 intus
984 701 1139 763 edentem

262 865 266 874 .
286 815 438 896 vipereas
454 814 572 890 carnis,
585 813 739 876 vitiorum
755 813 913 876 alimenta
929 832 1073 889 suorum,
1268 839 1298 873 10

287 927 461 1002 Invidiam,
478 926 615 1008 visaque
631 925 744 988 oculos
760 927 887 988 avertit.
930 926 983 988 'At
998 925 1053 988 illa

287 1038 393 1121 surgit
409 1039 510 1101 humo
527 1040 621 1120 pigre
638 1058 910 1120 semesarumque
926 1037 1083 1121 relinquit

288 1172 427 1232 corpora
440 1160 634 1233 serpentum
652 1170 819 1233 passuque
835 1151 958 1214 incedit
973 1151 1080 1214 inerti.

287 1264 403 1346 thue
418 1264 515 1326 deam
531 1263 613 1326 vidit
628 1263 802 1345 formaque
818 1263 985 1346 armisque
1000 1263 1165 1340 decoram,

287 1375 449 1457 ingemuit
464 1378 660 1457 vultumque
675 1375 743 1437 ima
759 1374 801 1437 ad
818 1375 961 1457 suspiria
977 1375 1079 1438 duxit.
1266 1403 1295 1455 15

332 1488 440 1551 Pallor
455 1488 489 1550 in
506 1508 563 1551 ore
579 1487 683 1563 sedet,
700 1487 824 1550 macies
839 1487 873 1549 in
889 1508 1029 1570 corpore
1044 1497 1124 1564 toto,

287 1622 452 1683 nusquam
469 1610 559 1664 recta
575 1602 672 1677 acieS,
691 1601 795 1663 livent
810 1600 961 1681 robigine
977 1601 1104 1676 denteS,

287 1721 424 1795 pectora
439 1713 518 1777 felle
532 1713 657 1788 virent'
667 1713 782 1794 lingua
798 1724 850 1776 est
864 1713 993 1776 suffusa
1008 1732 1148 1776 veneno.

289 1825 389 1888 Risus
405 1825 508 1900 abest,
526 1825 589 1887 nisi
605 1845 703 1906 quem
720 1824 782 1888 visi
798 1844 930 1887 movere
947 1823 1087 1888 dolores¹

288 1937 360 2000 Nec
376 1937 496 2000 fruitur
512 1957 629 2000 somno
645 1936 840 2018 vigilacibus
856 1938 962 1999 excita
978 1936 1073 2013 curis,
1266 1968 1297 2002 20

287 2049 346 2112 sed
362 2049 453 2112 videt
467 2051 616 2131 ingratos
633 2048 874 2130 intabescitque
890 2048 1034 2112 videndo

287 2181 461 2224 successus
477 2161 657 2237 hominum,
676 2160 849 2243 carpitque
865 2169 898 2223 et
914 2161 1060 2243 carpitur
1077 2182 1152 2237 una,

287 2273 553 2356 suppliciumque
577 2293 673 2336 suum
697 2282 756 2336 est.
802 2272 964 2354 Quamvis
986 2283 1099 2336 tamen
1122 2275 1238 2337 oderat

374 2387 472 2462 illam,

286 2498 409 2562 talibus
425 2498 540 2561 adfata
556 2506 606 2561 est
621 2497 766 2560 breviter
782 2497 931 2561 Tritonia
948 2497 1063 2562 dictis:

290 2615 309 2643 ‘⁴
321 2612 424 2674 lnfice
439 2610 516 2673 tabe
533 2619 590 2673 tua
606 2619 758 2672 natarum
776 2610 935 2691 Cecropis
952 2631 1062 2673 unam.
1265 2638 1296 2690 25

289 2723 343 2788 Sic
361 2744 445 2805 opus
461 2732 520 2785 est.
550 2722 720 2803 Aglauros
736 2742 776 2785 ea
791 2722 874 2784 est.'’
901 2722 1004 2784 Haud
1021 2723 1116 2805 plura
1129 2723 1238 2786 locuta

289 2835 376 2919 fugit
392 2845 425 2898 et
440 2835 602 2917 impressa
617 2835 769 2897 tellurem
787 2834 932 2916 reppulit
947 2835 1053 2898 hasta.

333 2947 396 3010 Illa
412 2948 509 3010 deam
525 2946 658 3028 obliquo
674 2945 861 3028 fugientem
878 2947 1002 3010 lumine
1018 2967 1159 3010 cernens

290 3079 458 3122 murmura
474 3079 578 3140 parva
593 3059 684 3121 dedit
700 3078 997 3141 successurumque
1014 3059 1187 3148 Minervae

289 3171 438 3247 indoluit,
455 3171 676 3254 baculumque
692 3170 790 3253 capit,
808 3171 897 3254 quod
914 3171 1030 3253 spinea
1045 3181 1150 3235 totum
1268 3210 1299 3260 30

288 3283 421 3347 vincula
437 3283 633 3365 cingebant;
659 3283 885 3365 adopertaque
901 3283 1045 3346 nubibus
1061 3287 1149 3361 atriS,

289 3417 499 3479 quacumque
515 3395 699 3478 ingreditur
716 3395 868 3459 florentia
884 3397 1021 3478 proterit
1038 3417 1117 3460 arva

289 3511 461 3591 exuritque
477 3509 597 3572 herbas
613 3518 647 3573 et
662 3528 792 3572 summa
808 3508 982 3572 cacumina
998 3509 1107 3590 carpit

290 3621 480 3704 adflatuque
496 3641 556 3684 suo
573 3623 714 3703 populos
730 3621 887 3704 urbisque
902 3621 1084 3704 domosque

290 3735 425 3818 polluit;
451 3744 485 3798 et
500 3734 635 3798 tandem
652 3714 825 3798 Tritonida
841 3734 1002 3816 conspicit
1018 3754 1128 3798 arcem
1271 3755 1301 3807 35
