2998 4386
493 333 581 392 rur
612 334 749 392 maore
780 335 833 391 or
862 335 986 392 crucu
1145 292 1209 417 17'3
1263 325 1268 340 ·

263 540 352 582 nunc
369 521 467 596 solus,
485 520 653 601 quondam
671 518 827 582 minimus
843 520 885 582 de
898 519 1001 600 stirpe
1016 520 1110 595 virili,

264 634 324 695 has
341 633 438 695 datus
457 633 596 695 ismario
612 631 684 713 regi
702 631 886 716 Polydorus
903 631 937 694 in
954 653 1038 695 oras

264 745 354 827 Quid
370 765 479 808 moror
495 744 621 808 interea
637 744 783 808 crudelia
795 745 933 818 vulnera
949 745 1094 829 lymphis

264 857 408 933 abluere,
426 867 460 920 et
475 877 610 939 sparsos
625 857 744 919 immiti
759 857 923 938 sanguine
938 856 1072 920 vultus?

671 1101 808 1128 -οοο-

349 1292 469 1363 XLV.
499 1290 625 1360 vTHE
658 1289 836 1361 MAGIC
870 1291 940 1361 OF
973 1291 1133 1363 CIRCE

294 1467 406 1552 ‘Haec
423 1488 480 1552 ubi
495 1509 557 1551 nos
572 1487 663 1564 vidit,
681 1487 769 1551 dicta
785 1497 989 1571 acceptaque
1005 1488 1111 1552 salute
1235 1491 1303 1538 ⁰11oe

266 1601 400 1664 diffudit
415 1601 526 1664 vultus
542 1609 575 1663 et
590 1600 734 1663 reddidit
749 1603 860 1663 omina
875 1600 968 1664 votis
1234 1577 1353 1687 ἔξω

268 1715 340 1777 Nec
357 1732 457 1788 mora,
476 1712 606 1775 misceri
619 1711 697 1775 tosti
713 1712 803 1775 iubet
821 1713 946 1776 hordea
962 1713 1057 1793 grani
1235 1716 1325 1763 Potion

266 1827 432 1908 mellaque
447 1825 582 1907 vimque
598 1824 679 1888 meri
692 1845 767 1887 cum
784 1826 870 1888 lacte
886 1825 1026 1906 coagula
1042 1846 1142 1907 passo
1155 1847 1162 1902 ;

225 1969 239 2022 5
266 1938 389 2021 quique
405 1937 541 2000 subhac
558 1937 684 2000 lateant
701 1937 815 1999 furtim
833 1937 1017 2014 dulcedine,
1035 1958 1132 2001 sucos
1198 1929 1200 1933 ⁸

267 2051 375 2114 adicit.
423 2050 619 2132 Accipimus
635 2069 730 2112 sacra
746 2050 825 2112 data
839 2035 961 2131 pocula
978 2051 1100 2113 dextra.

185 2141 194 2149 ’
268 2164 364 2245 Quae
381 2162 478 2225 simul
495 2164 601 2225 arenti
617 2161 767 2225 sitientes
783 2162 956 2225 hausimus
972 2183 1038 2238 ore,

267 2285 301 2339 et
316 2275 425 2356 tetigit
441 2295 588 2337 summos
601 2275 696 2355 virga
712 2275 776 2337 dea
792 2275 863 2337 dira
880 2274 1018 2356 capillos

266 2385 316 2472 (et
331 2388 435 2468 pudet
447 2396 480 2449 et
496 2385 665 2468 referam),
683 2387 783 2450 saetis
801 2388 993 2450 horrescere
1007 2389 1111 2468 coepi,

211 2533 240 2568 10
267 2520 329 2564 nec
345 2500 411 2562 iarn
427 2519 527 2580 posse
544 2500 642 2582 loqui,
661 2520 721 2580 pro
737 2499 847 2582 verbis
865 2500 963 2563 edere
979 2519 1116 2563 raucum

268 2632 424 2688 murmur,
442 2621 476 2675 et
492 2611 524 2673 in
542 2621 663 2674 terram
680 2620 750 2675 toto
768 2611 986 2693 procumbere
1003 2612 1115 2689 vultu;

267 2745 370 2807 osque
386 2744 496 2787 meum
514 2725 603 2786 sensi
620 2724 731 2805 pando
748 2725 968 2787 occallescere
985 2734 1101 2800 rostr0,

212 2870 216 2882 ν
267 2838 352 2899 colla
366 2846 495 2924 tumere
510 2837 601 2912 toris,
619 2845 652 2900 et
668 2837 845 2918 quamodo
862 2838 982 2918 pocula
999 2847 1093 2917 parte

267 2959 402 3031 sumpta
417 2948 498 3010 mihi
515 2950 657 3025 fuerant,
675 2949 731 3011 illa
747 2948 888 3029 vestigia
905 2949 978 3012 feci.

308 3137 459 3200 36.st11pe
478 3139 570 3187 virili:
590 3139 622 3204 os
637 3154 678 3202 my
696 3140 762 3186 male
778 3139 906 3204 msspring.
956 3150 995 3202 37.
1014 3138 1158 3187 Ismario:
1176 3139 1216 3187 ie.

271 3221 410 3279 Thracian,
424 3220 585 3283 Polymestor,

305 3304 383 3351 XLV.
407 3304 508 3366 Ulysses
526 3320 559 3352 on
578 3303 617 3352 his
634 3311 719 3352 return
737 3303 802 3352 from
813 3304 880 3365 Troy
892 3319 976 3351 comes
993 3311 1019 3351 to
1038 3303 1081 3352 the
1093 3303 1176 3352 island
1188 3305 1217 3352 os

266 3385 347 3445 Circe,
359 3386 414 3434 who
427 3386 538 3449 changes
550 3402 619 3435 some
632 3387 661 3434 of
675 3386 714 3434 his
731 3387 896 3451 companions
909 3386 963 3434 into
974 3386 1058 3435 swine.
1094 3400 1116 3436 2.
1135 3387 1220 3436 dillu-

267 3470 327 3518 dit:
347 3469 658 3533 gladdens.—redd1d1t
682 3504 688 3517 .
713 3505 719 3517 .
742 3502 750 3517 .
770 3469 866 3518 votis:
893 3469 1026 3517 ansaoered
1045 3485 1094 3517 our
1111 3478 1220 3534 prayers

266 3553 326 3600 with
338 3553 471 3617 fiworable
487 3568 578 3601 omens.
613 3565 636 3616 3.
656 3552 733 3601 tosti
750 3552 864 3601 hordea
882 3551 983 3614 grani:
1010 3553 1110 3600 roasted
1124 3554 1218 3616 barley·

266 3651 346 3684 corns.
368 3643 392 3696 4.
404 3635 532 3697 coagula
541 3648 647 3695 passo:
661 3635 772 3684 curdled.
798 3646 820 3700 5.
833 3647 940 3684 sucos:
951 3634 1042 3698 juices,
1052 3634 1091 3682 ie.
1099 3635 1218 3698 apotion.

268 3730 289 3781 7.
307 3717 460 3767 sitientes:
488 3719 584 3780 thirsty.
624 3731 647 3779 9.
665 3718 774 3767 saetis:
801 3717 902 3766 bristles.
945 3729 981 3765 12.
999 3716 1217 3783 occallescere:

267 3800 358 3848 become
365 3800 439 3848 hard.
468 3812 504 3862 13.
522 3799 612 3850 toris:
631 3800 728 3850 brawn.
