2982 4636
521 550 648 626 JASON
673 550 762 608 AND
793 549 939 608 MEDEA
1158 561 1203 635 75

255 735 390 809 occidat,
408 734 442 796 in
458 733 509 795 dis
525 743 583 796 est.
631 733 731 796 Vivat
746 743 877 805 tamem
902 733 1001 816 idque
1019 735 1145 816 precari
1222 735 1292 784 82⁸⁰

204 871 230 924 ²5
253 848 305 908 vel
322 849 392 908 sine
409 867 521 908 amore
537 845 622 908 licet.
670 846 760 928 Quid
775 846 864 910 enim
881 847 1045 910 commisit
1063 847 1186 911 lason?
1222 811 1284 932 ἷξε,

254 959 363 1040 Quem
380 959 444 1020 nisi
460 958 628 1022 crudelem
646 978 712 1022 non
729 969 846 1040 tangat
864 960 993 1022 Iasonis
1009 971 1101 1023 aetas
1220 959 1299 1020 lm

252 1080 287 1135 et
302 1091 410 1152 genus
426 1080 460 1133 et
473 1070 602 1133 virtus?
648 1071 756 1154 Quem
774 1091 851 1148 non,
870 1081 905 1134 ut
920 1081 1031 1135 cetera
1047 1073 1165 1148 desint,

252 1203 309 1246 ore
326 1202 458 1246 movere
474 1183 608 1264 potest?
654 1183 753 1246 Certe
769 1202 843 1246 mea
860 1194 996 1266 pectora
1013 1185 1125 1249 movit.

251 1297 302 1359 At
318 1294 381 1358 nisi
396 1315 495 1377 opem
511 1297 628 1372 tuler0,
645 1305 812 1359 taurorum
831 1297 1008 1363 adflabitur
1023 1319 1079 1361 ore

194 1443 224 1496 3⁰
250 1418 493 1490 concurretque
510 1429 589 1472 suae
606 1409 720 1490 segeti,
738 1411 855 1473 tellure
872 1410 992 1472 creatis

250 1520 413 1596 hostibus,
431 1530 488 1584 aut
503 1521 601 1584 avido
616 1520 749 1585 dabitur
765 1522 837 1584 lera
853 1523 978 1603 praeda
994 1522 1137 1586 draconi.

252 1635 331 1698 Hoc
347 1654 411 1716 ego
426 1635 454 1697 si
470 1635 588 1716 patiar,
605 1643 675 1698 tum
692 1634 802 1696 mede
819 1634 938 1715 tigride
955 1644 1076 1710 natam,

250 1757 323 1810 tum
340 1747 464 1810 ferrum
479 1756 514 1811 et
529 1748 685 1827 scopulos
701 1756 833 1828 gestare
850 1747 883 1810 in
901 1747 999 1810 corde
1017 1747 1154 1810 fatebor.

252 1861 322 1924 Cur
337 1880 403 1923 non
420 1869 453 1923 et
469 1868 584 1941 specto
601 1868 806 1940 pereuntem,
824 1859 1003 1940 oculosque
1019 1859 1163 1922 videndo

188 1999 220 2053 35
250 1972 465 2035 conscelero?
512 1972 580 2036 Cur
595 1991 661 2034 non
678 1980 791 2033 tauros
806 1971 961 2033 exhortor
977 1971 1009 2033 in
1027 1971 1118 2034 illum

250 2085 503 2166 terrigenasque
519 2084 608 2146 feros
625 2083 872 2165 insopitumque
890 2083 1092 2146 draconem?

227 2169 234 2180 “
297 2197 373 2259 “Di
398 2196 533 2258 meliora
553 2197 664 2258 velint.
714 2195 926 2277 Quamquam
951 2216 1018 2258 non
1044 2197 1107 2259 ista
1132 2218 1203 2279 pre·

340 2309 457 2385 canda,

249 2422 311 2485 sed
327 2421 482 2484 facienda
498 2421 586 2482 mihi.
644 2419 828 2483 Prodamne
844 2440 908 2501 ego
926 2441 1029 2502 regna
1046 2425 1201 2501 parentis

249 2544 352 2616 atque
367 2553 432 2615 ope
448 2532 559 2595 nescio
576 2532 650 2614 quis
667 2531 853 2594 servabitur
868 2532 997 2596 advena
1013 2545 1135 2608 nostra,
1221 2547 1271 2596 sno

185 2681 222 2728 40
249 2655 287 2710 ut
303 2665 363 2728 per
379 2665 432 2708 me
448 2665 564 2726 sospes
581 2645 651 2707 sine
668 2664 721 2706 me
738 2645 793 2707 det
810 2644 911 2706 lintea
927 2647 1046 2720 ventis,
1220 2621 1343 2758 {mm

249 2759 366 2840 virque
383 2758 425 2820 sit
440 2757 584 2831 alterius,
602 2776 730 2837 poenae
749 2756 870 2819 Medea
886 2756 1075 2839 relinquar?

250 2872 288 2937 Si
303 2871 416 2933 facere
433 2869 496 2932 hoc
513 2869 653 2931 aliamve
670 2878 781 2950 potest
798 2889 1003 2950 praeponere
1020 2870 1126 2945 nobis,

249 2983 380 3047 occidat
394 2981 555 3063 ingratus.
603 2980 670 3045 Sed
685 3001 752 3044 non
770 2981 796 3044 is
812 2981 923 3044 vultus
940 2981 972 3043 in
990 2982 1054 3056 illo,

249 3117 317 3159 non
334 3114 374 3158 ea
390 3094 544 3157 nobilitas
561 3093 671 3156 animo
688 3103 747 3169 est,
765 3114 803 3156 ea
820 3093 928 3174 gratia
944 3095 1082 3169 formae,

185 3234 219 3288 45
250 3218 287 3271 ut
303 3208 437 3271 timeam
454 3206 606 3268 fraudem
623 3207 797 3288 meritique
813 3205 935 3269 oblivia
951 3207 1063 3270 nostri.

251 3322 296 3384 Et
311 3320 404 3383 dabit
420 3329 498 3381 ante
514 3318 611 3381 fidem
625 3339 631 3394 ;
656 3338 841 3400 cogamque
858 3319 891 3379 in
909 3319 1045 3382 foedera
1062 3319 1156 3382 testis

248 3453 323 3498 esse
339 3432 428 3496 deos.
466 3430 554 3512 Quid
573 3440 644 3493 tuta
661 3431 781 3493 times?
817 3430 1005 3512 Accingere
1022 3441 1054 3494 et
1070 3451 1202 3494 omnem

249 3544 336 3628 pelle
353 3564 488 3607 moram.
535 3543 611 3605 Tibi
627 3563 662 3606 se
679 3562 811 3623 semper
826 3542 959 3605 debebit
977 3544 1086 3617 l'ason,

248 3668 282 3721 te
299 3658 374 3720 face
390 3655 542 3719 sollemni
558 3657 673 3735 iunget
691 3654 761 3728 sibi,
781 3674 907 3736 perque
925 3654 1083 3735 Pelasgas

186 3797 220 3851 50
249 3771 408 3835 servatrix
425 3767 515 3833 urbis
532 3776 673 3828 matrum
692 3766 903 3829 celebrabere
919 3767 1025 3829 turba.

295 3884 416 3964 “Ergo
448 3901 511 3962 ego
542 3898 736 3961 germanam
768 3880 973 3962 fratremque
1008 3891 1204 3963 patremque
1222 3902 1294 3961 nuty

338 3996 483 4077 deosque
1223 3977 1317 4036 ΨΜ
