2996 4384
439 335 812 394 THEVENGEANCE
843 336 896 394 OF
925 338 1070 396 NESSUS
1163 350 1217 420 ,91

272 541 335 587 nec
350 522 425 585 telis
441 521 607 602 armisque
624 528 744 602 potest.
793 521 1007 584 Pulmonibus
1024 531 1111 586 errat

216 661 261 698 100
272 616 359 716 ignis
375 634 459 696 edax
475 633 549 695 imis
565 651 691 715 perque
707 633 815 695 omnis
832 635 979 714 pascitur
995 644 1095 698 artus.

273 746 322 808 At
337 746 425 808 valet
442 745 661 828 Eurystheus,
710 745 754 808 Et
771 753 848 808 sunt
864 745 920 827 qui
939 747 1074 808 credere
1094 748 1222 830 possint

272 833 345 922 esse
362 853 465 921 deos?
477 856 494 882 ’'
543 857 646 933 Dixit,
664 877 789 938 perque
806 857 906 920 altam
924 860 1054 921 saucius
1072 859 1183 922 Oeten

272 970 360 1032 haud
377 970 471 1033 aliter
481 969 638 1051 ,graditur
653 990 754 1051 quam
772 971 798 1032 si
814 970 980 1032 venabula
995 980 1111 1034 taurus
1240 985 1286 1032 uis

271 1101 410 1163 corpore
427 1083 491 1144 fixa
506 1091 610 1162 gerat,
628 1081 775 1163 factique
792 1081 954 1163 refugerit
970 1093 1092 1146 auctor.

215 1221 259 1274 105
272 1193 382 1275 Saepe
397 1194 489 1256 illum
506 1194 650 1274 gemitus
666 1193 832 1268 edentem,
850 1212 951 1275 saepe
968 1194 1176 1271 frementem,

271 1326 372 1387 saepe
388 1314 645 1387 retemptantem
661 1313 748 1367 totas
765 1305 953 1368 rescindere
968 1306 1071 1369 vestis

271 1427 542 1500 sternentemque
558 1417 660 1480 trabis
677 1417 942 1499 irascentemque
957 1419 1088 1482 videres

271 1529 440 1593 montibus
456 1539 514 1592 aut
529 1529 636 1611 patrio
654 1529 847 1592 tendentem
863 1529 1019 1593 bracchia
1035 1531 1137 1595 eaelo.

316 1641 404 1705 Ecce
422 1641 550 1704 Lichan
566 1641 731 1722 trepidum
749 1641 936 1705 latitantem
952 1662 1035 1723 rupe
1051 1654 1170 1706 cavata

214 1784 260 1821 110
271 1754 398 1836 aspicit.
446 1755 561 1835 thue
577 1753 670 1816 dolor
686 1753 811 1816 rabiem
828 1753 1019 1835 conlegerat
1035 1775 1177 1831 omnem,

273 1868 406 1942 “Tune,
425 1866 561 1942 Licha,’'
578 1865 669 1941 dixit,
689 1865 831 1928 “feralia
847 1866 937 1929 dona
953 1866 1095 1930 dedisti?

271 1979 368 2042 Tune
385 1998 478 2042 meae
490 1977 582 2041 necis
590 1987 706 2040 auctor
718 1977 800 2055 eris?
809 1977 825 2002 ”
850 1979 979 2042 Tremit
990 1979 1044 2042 ille
1058 1988 1223 2062 pavetque

271 2090 415 2173 pall-idus
430 2100 464 2154 et
479 2090 593 2153 timide
608 2090 710 2152 verba
726 2091 917 2153 excusantia
933 2090 1021 2154 dicit.

274 2203 449 2267 Dicentem
466 2189 673 2285 genibusque
690 2222 809 2264 manus
826 2202 1173 2285 adhibere-parantem
1240 2222 1276 2268 ue

215 2345 259 2398 115
271 2315 407 2397 corripit
422 2315 569 2391 Alcides,
587 2324 621 2378 et
636 2325 752 2397 terque
769 2323 951 2396 quaterque
968 2325 1112 2378 rotatum
1240 2298 1333 2418 {2¹3⁸ae

271 2427 371 2490 mittit
386 2427 419 2489 in
437 2427 604 2491 Euboicas
619 2436 785 2490 tormento
802 2427 920 2489 lortius
936 2427 1051 2489 undas.
1240 2447 1294 2492 into

1240 2521 1285 2565 the

274 2539 334 2603 llle
351 2560 412 2622 per
426 2539 533 2602 aerias
549 2538 700 2621 pendens
715 2538 864 2601 induruit
879 2558 985 2601 auras.
1240 2594 1291 2640 sea

272 2653 386 2734 thue
403 2652 516 2714 ierunt
531 2650 645 2713 imbris
661 2649 781 2731 gelidis
797 2670 1011 2723 concrescere
1027 2652 1146 2729 ventis,

270 2763 348 2827 inde
364 2764 449 2826 nivis
465 2762 544 2839 fieri,
561 2763 693 2825 nivibus
709 2783 840 2844 quoque
858 2763 954 2826 molle
970 2764 1085 2826 rotatis

215 2903 259 2939 120
271 2875 411 2957 astringi
426 2884 460 2938 et
476 2874 583 2957 spissa
599 2874 776 2956 glomerari
792 2875 954 2956 grandine
971 2896 1110 2958 corpus3

271 2988 317 3050 sic
333 2987 425 3050 illum
440 2987 558 3050 validis
576 2987 698 3051 iactum
715 3007 775 3069 per
790 2987 890 3050 inane
907 2989 1038 3051 lacertis

270 3118 541 3182 exsanguemque
551 3109 641 3163 metu
652 3119 712 3162 nec
724 3099 899 3181 quicquam
911 3103 1034 3163 umoris
1042 3100 1222 3164 habentem

270 3209 304 3273 in
320 3211 444 3293 rigidos
460 3232 592 3275 versum
610 3211 718 3275 silices
735 3211 824 3293 prior
839 3211 943 3275 edidit
959 3223 1060 3275 aetas.

315 3323 414 3386 Nunc
430 3344 562 3405 quoque
578 3325 611 3384 in
630 3322 779 3387 Euboico
798 3325 955 3405 scopulus
970 3325 1080 3387 brevis
1098 3324 1224 3387 eminet

358 3436 424 3499 alto
907 3520 909 3524 ι

213 3585 258 3638 125
270 3546 402 3630 gurgite
419 3556 452 3610 et
468 3548 635 3613 humanae
652 3556 763 3610 servat
778 3547 919 3629 vestigia
935 3548 1073 3625 formae,

271 3679 369 3741 quem
386 3659 480 3741 quasi
497 3679 672 3722 sensurum
689 3669 811 3722 nautae
828 3660 955 3722 calcare
971 3671 1127 3724 verentur

271 3771 508 3853 appellantque
526 3771 665 3834 Lichan.
708 3771 761 3840 ,At
775 3781 822 3846 tu,
840 3771 929 3834 lovis
945 3771 1058 3835 inclita
1074 3772 1193 3854 proles,

1242 1060 1332 1121 Agony
1396 1099 1398 1104 .
