2996 4384
608 334 742 392 ovru’s
766 335 853 391 uua
1134 343 1200 414 137

252 499 333 584 Aut
350 518 441 583 uidet
465 529 521 582 aut
552 504 669 582 metuit
697 519 789 582 locus
815 519 867 581 hic
899 539 997 601 quem
1022 539 1089 582 non
1112 518 1204 581 videt

339 633 467 694 hostem
479 653 486 708 ;

295 754 404 808 cessat
420 743 508 807 iners
525 743 631 824 rigido
647 752 735 806 terra
752 743 865 807 relicta
882 745 955 806 situ.

253 859 331 920 Non
349 857 401 919 hic
418 856 598 938 pampinea
614 855 720 918 dulcis
737 856 818 918 latet
834 876 898 918 uva
915 856 975 919 sub
992 855 1119 932 umbra,
1218 852 1242 900 A

294 989 356 1032 nec
373 969 544 1031 cumulant
560 969 645 1030 altos
660 968 789 1030 fervida
806 971 915 1030 musta
930 969 1030 1031 lacus.
1219 929 1308 1049 2:3⁰⁸

193 1099 223 1166 65
253 1074 355 1145 Poma
370 1090 472 1162 negat
488 1080 598 1161 regio;
623 1101 685 1144 nec
700 1079 839 1144 haberet
855 1079 1019 1144 Acontius
1034 1081 1069 1143 in
1086 1101 1150 1162 quo
1221 1077 1334 1124 ⁶0⁸⁰¹⁸t⁰

296 1193 455 1256 scriberet
471 1193 524 1256 hic
540 1192 695 1256 dominae
711 1192 814 1256 verba
830 1193 974 1274 legenda
989 1213 1077 1256 suae.
1221 1152 1290 1198 Lanu

252 1306 433 1388 Aspiceres
450 1305 556 1368 nudos
572 1305 643 1367 sine
659 1304 788 1386 fronde,
806 1307 878 1368 sine
894 1305 1011 1383 arbore
1026 1325 1171 1388 campos.

297 1419 375 1481 Heu
392 1418 466 1481 loca
481 1417 571 1480 felici
586 1437 653 1480 non
670 1417 824 1480 adeunda
840 1418 928 1481 viro!

254 1533 345 1612 Ergo
360 1541 428 1594 tam
445 1530 511 1593 late
528 1511 641 1611 pateat
657 1550 732 1592 cum
750 1528 911 1593 maximus
927 1524 1024 1605 orbis,

193 1656 225 1705 70
295 1644 378 1705 haec
395 1641 495 1705 estin
513 1661 656 1724 poenam
672 1651 760 1705 terra
775 1651 908 1723 reperta
924 1643 1054 1704 meam?

658 1905 795 1932 —000—

450 2134 635 2207 XXXVI.
673 2134 847 2205 OVID’S
877 2131 1000 2212 LIFE

252 2321 313 2384 Ille
329 2341 392 2402 ego
409 2319 465 2402 qui
481 2317 601 2382 fuerim
618 2327 809 2382 tenerorum
825 2318 916 2381 lusor
931 2336 1081 2380 amorum

295 2453 393 2515 quem
410 2431 494 2514 legis
510 2441 546 2494 ut
562 2429 662 2507 noriS,
680 2432 795 2512 accipe
812 2431 997 2512 posteritas,

252 2544 367 2616 Sulmo
385 2544 465 2607 mihi
478 2544 652 2629 patriakest
665 2542 782 2624 gelidis
800 2541 983 2606 uberrimus
1000 2540 1106 2618 undis
1221 2533 1267 2582 ¹¹¹⁸
1309 2553 1311 2556 ’

331 2657 361 2670 ..
446 2658 453 2670 .
539 2655 546 2669 .
650 2654 656 2668 .
873 2645 875 2648 -
1220 2607 1367 2667 Birthplace

294 2658 384 2719 mrha
399 2676 455 2738 qur
471 2676 609 2720 novrens
624 2655 726 2718 distat
740 2655 782 2718 ab
798 2655 880 2718 urbe
895 2655 1020 2718 decem.

211 2790 224 2841 5
253 2769 371 2832 Editus
388 2770 464 2832 hinc
481 2788 544 2850 ego
560 2788 643 2844 sum,
660 2787 806 2831 necnon
823 2775 858 2829 ut
870 2775 1022 2849 tempora
1037 2765 1136 2842 noris,

295 2902 370 2945 curn
388 2881 505 2944 cecidit
520 2881 592 2943 fato
608 2879 724 2943 consul
740 2889 879 2962 uterque
896 2879 976 2961 pari.

253 2994 289 3059 Si
305 2994 384 3076 quid
400 2994 433 3056 id
449 3003 508 3069 est,
526 3012 632 3074 usque
647 3012 667 3054 a
683 2992 815 3074 proavis
831 3000 927 3055 vetus
943 2990 1066 3055 ordinis
1083 2990 1189 3067 heres,

295 3129 360 3170 non
379 3107 477 3170 modo
493 3107 647 3170 fortunae
664 3125 800 3169 munere
816 3106 926 3169 factus
942 3125 1052 3187 eques

253 3221 326 3282 Nec
343 3219 443 3301 stirps
459 3219 566 3301 prima
582 3217 641 3281 iui.
689 3219 809 3282 Genito
826 3238 899 3280 sum
915 3218 1018 3280 fratre
1034 3226 1174 3293 creatus,

197 3358 226 3394 10
296 3332 352 3413 qui
368 3321 472 3394 tribus
489 3340 566 3394 ante
582 3340 699 3412 quater
715 3329 885 3392 mensibus
901 3339 992 3393 ortus
1008 3338 1088 3393 erat.

254 3427 390 3507 Lucifer
407 3444 578 3506 amborum
595 3442 761 3504 natalibus
778 3442 886 3505 adfuit
901 3441 999 3517 idem,

296 3578 363 3619 una
379 3555 545 3620 celebrata
561 3564 612 3619 est
624 3576 683 3637 per
695 3555 761 3616 duo
777 3554 844 3617 liba
860 3553 940 3617 dies.

255 3671 351 3733 Haec
369 3679 419 3732 est
436 3667 612 3731 armiferae
628 3667 723 3730 iestis
739 3667 780 3730 de
797 3668 943 3748 quinque
962 3667 1144 3743 Minervae,

297 3803 381 3866 quae
398 3781 467 3844 fieri
485 3801 599 3862 pugna
615 3781 721 3861 prima
738 3788 875 3842 cruenta
892 3780 983 3842 solet.
