2996 4384
431 363 518 421 THE
549 363 697 423 DEATH
727 362 780 424 OF
808 367 1007 425 TIBULLUS
1122 375 1186 446 123

239 547 354 611 Aurea
370 556 559 611 sanctorum
578 547 766 630 potuissent
780 551 906 633 templa
922 550 1058 614 deorum

282 680 386 736 urere,
404 681 490 742 quae
505 669 635 741 tantum
652 663 838 725 sustinuere
854 663 959 726 nefas,

238 772 371 835 Avertit
387 771 498 835 vultus
516 773 634 858 Erycis
651 793 736 856 quae
752 774 901 856 possidet
917 775 1010 839 arcis.

282 885 368 948 Sunt
384 905 515 968 quoque
531 886 588 968 qui
604 886 757 950 lacrimas
772 887 975 950 continuisse
990 897 1124 968 negant

178 1010 209 1064 45
238 997 305 1062 Sed
320 1005 432 1060 tamen
449 998 512 1061 hoc
529 1000 647 1062 melius
664 1019 763 1081 quarn
781 999 809 1062 si
826 999 990 1063 Phaeacia
1005 1001 1103 1063 tellus

191 1168 194 1176 .
280 1089 431 1192 ignotum
446 1111 503 1174 vili
519 1112 752 1194 supposuisset
767 1112 878 1175 hum0.

237 1222 328 1286 Hinc
345 1231 434 1286 certe
451 1223 601 1286 madidos
619 1223 779 1305 fugientis
796 1223 919 1307 pressit
934 1224 1057 1288 ocellos

279 1343 395 1417 mater,
412 1335 495 1398 etin
511 1335 639 1399 cineres
656 1336 772 1399 ultima
787 1335 875 1399 dona
890 1336 966 1399 tulit
975 1357 982 1412 ;

236 1445 313 1510 hinc
330 1467 423 1511 soror
437 1449 470 1510 in
489 1457 616 1530 partem
633 1448 753 1511 misera
768 1467 844 1511 cum
861 1457 966 1512 matre
982 1448 1104 1511 doloris

102 1623 104 1628 ,
178 1571 208 1624 50
278 1559 378 1636 venit,
396 1560 565 1623 inornatas
581 1559 741 1623 dilaniata
757 1580 888 1638 comas;

235 1691 377 1755 cumque
393 1671 459 1736 tuis
475 1693 536 1736 sua
550 1673 730 1736 iunxerunt
747 1674 969 1756 Nemesisque
986 1671 1141 1755 priorque

278 1784 401 1861 oscula,
419 1804 481 1848 nec
498 1784 586 1848 solos
602 1783 782 1848 destituere
798 1806 907 1868 rogos.

205 1890 210 1893 ’
237 1896 334 1960 Delia
350 1897 566 1974 descendens,
585 1902 604 1929 “
616 1897 791 1974 Felicius‚'’
808 1899 924 1980 inquit,
942 1903 1082 1961 “amata

278 2029 351 2071 sum
367 2009 445 2085 tibi;
469 2009 587 2085 vixisti,
604 2009 683 2072 dum
700 2018 778 2073 tuus
794 2012 881 2092 ignis
897 2011 1019 2073 eram.”
1110 2046 1124 2071 .

177 2131 207 2185 55
235 2121 298 2185 Cui
319 2122 484 2199 Nemesis,
509 2120 660 2204 “Quid''
681 2123 736 2198 ait,
761 2120 849 2184 “tibi
871 2130 948 2185 sunt
970 2142 1044 2185 mea
1065 2122 1188 2186 damna

321 2233 448 2297 dolori?

279 2348 336 2410 Me
352 2347 459 2410 tenuit
474 2347 619 2409 moriens
635 2345 810 2410 deficiente
826 2347 959 2410 manu.'’

234 2459 270 2524 Si
286 2468 398 2522 tamen
414 2479 433 2522 e
449 2458 545 2522 nobis
562 2458 687 2541 aliquid
703 2458 767 2522 nisi
782 2479 905 2522 nomen
923 2467 956 2522 et
972 2457 1090 2521 umbra

276 2581 388 2649 restat,
405 2571 438 2634 in
458 2571 573 2656 Elysia
588 2571 674 2634 valle
690 2569 842 2633 Tibullus
858 2572 928 2634 erit.

234 2683 363 2749 Obvius
379 2684 455 2748 huic
472 2683 587 2748 venias
604 2683 728 2746 hedera
744 2682 909 2746 iuvenalia
925 2683 1052 2747 cinctus
1203 2698 1257 2745 une

173 2813 206 2863 60
276 2806 436 2878 tempora,
454 2816 530 2860 cum
547 2797 661 2872 Calvo,
678 2795 775 2858 docte
793 2796 932 2872 Catulle,
950 2804 1016 2858 tuo.
1203 2772 1331 2892 ocpmpany

232 2905 285 2971 Tu
301 2929 442 2991 quoque,
459 2908 488 2972 si
501 2909 624 2972 falsum
640 2917 692 2972 est
706 2907 859 2971 temerati
874 2909 1000 2971 crimen
1017 2906 1122 2984 amici,
1203 2922 1247 2968 tue

276 3023 449 3102 sanguinis
465 3025 565 3104 atque
581 3020 711 3083 animae
728 3020 867 3102 prodige
883 3021 978 3084 Galle
994 3030 1079 3084 tuae.
1200 2996 1345 3117 {lgm

234 3134 299 3197 His
311 3154 423 3198 comes
435 3133 553 3197 umbra
565 3142 622 3196 tua
634 3142 694 3196 est.
733 3130 769 3195 Si
782 3139 910 3212 quaest
923 3131 1021 3193 modo
1034 3130 1181 3210 corporis

320 3246 446 3323 umbra,

276 3358 395 3421 auxisti
411 3378 577 3434 numeroS,
594 3356 682 3420 culte
699 3356 840 3431 Tibulle,
859 3356 940 3436 pios.

173 3481 205 3547 65
234 3470 322 3535 Ossa
339 3472 460 3553 quieta,
478 3490 603 3553 precor,
620 3478 693 3532 tuta
709 3467 906 3550 requiescite
922 3469 956 3531 in
973 3487 1066 3544 urna,

276 3592 309 3647 et
326 3582 368 3645 sit
383 3583 505 3645 humus
520 3582 620 3646 cineri
636 3601 704 3645 non
721 3601 860 3643 onerosa
876 3581 951 3643 tuo!
