2996 4384
514 290 903 348 Ammmm
1120 298 1187 372 m9

178 494 210 542 40
281 472 388 535 nescit
402 471 457 553 agi
473 472 589 548 ventis,
608 473 713 536 nescit
729 472 847 536 adesse
864 493 990 537 necem.

237 583 379 660 Obene,
394 584 482 667 quod
499 604 566 647 non
583 604 655 648 sum
673 596 803 648 mecum
816 585 1041 650 conscendere
1058 605 1187 668 passus,

280 717 322 760 ne
338 696 419 758 mihi
434 696 485 758 bis
501 695 622 760 misero
639 717 728 759 mors
745 696 902 778 patienda
918 698 1014 761 foret.

237 809 285 871 At
301 828 389 872 nunc
405 817 442 870 ut
458 829 601 890 peream,
620 808 775 891 quoniam
791 817 883 873 caret
898 809 971 892 ipsa
987 812 1121 893 periclo,

280 919 416 982 dimidia
433 929 521 983 certe
538 930 632 1002 parte
648 931 818 1004 superstes
834 943 899 986 er0.

178 1051 209 1105 45
238 1033 279 1094 Ei
295 1031 384 1108 mihi,
399 1052 498 1114 quam
514 1033 613 1095 celeri
630 1035 816 1098 micuerunt
831 1035 945 1098 nubila
961 1035 1113 1099 flamma!

282 1142 437 1224 Quantus
453 1143 494 1206 ab
511 1145 658 1208 aetherio
676 1157 833 1228 personat
849 1168 910 1212 axe
926 1148 1057 1229 fragor!

239 1255 311 1318 Nec
329 1255 467 1318 laterum
484 1257 589 1320 levius
604 1257 737 1321 tabulae
753 1259 917 1322 feriuntur
933 1259 975 1322 ab
991 1260 1082 1323 unda

281 1387 381 1450 quam
397 1389 499 1450 grave
514 1367 666 1434 ballistae
682 1371 813 1434 moenia
830 1372 940 1453 pulsat
955 1392 1048 1435 onus,

238 1479 306 1562 Qui
321 1482 413 1544 venit
428 1481 481 1545 hic
498 1481 628 1558 fluctus,
647 1482 766 1546 fluctus
783 1484 1008 1565 supereminet
1025 1486 1151 1562 omnis;

180 1611 210 1663 50
282 1594 445 1675 posterior
462 1615 550 1658 nono
566 1603 617 1658 est
632 1594 875 1677 undecimoque
892 1597 989 1677 prior.

239 1706 311 1770 Nec
328 1707 430 1769 letum
446 1707 563 1784 timeo;
589 1727 696 1789 genus
711 1716 763 1771 est
779 1707 964 1771 miserabile
981 1708 1046 1771 leti.

282 1818 414 1884 Demite
431 1819 654 1902 naufragium,
672 1840 762 1884 mors
778 1820 858 1883 mihi
874 1841 995 1884 munus
1010 1822 1081 1884 erit.

239 1933 301 1994 Est
316 1913 440 2014 aliquid
456 1933 570 1996 fatove
586 1953 647 1996 suo
664 1933 794 1996 ferrove
810 1932 984 1996 cadentem

281 2043 314 2106 in
331 2045 437 2108 solida
453 2046 597 2109 moriens
613 2065 738 2127 ponere
754 2066 874 2127 corpus
890 2046 1001 2122 humo,
1076 2115 1086 2122 ,

181 2171 210 2224 55
237 2165 270 2218 et
286 2158 445 2220 mandare
461 2158 530 2220 suis
547 2159 658 2240 aliqua
673 2167 707 2220 et
723 2177 858 2240 sperare
875 2158 1064 2239 sepulcrum

281 2278 313 2332 et
329 2289 397 2332 non
413 2269 586 2352 aequoreis
603 2269 749 2352 piscibus
765 2290 838 2333 esse
854 2268 973 2333 cibum.

190 2462 194 2472 Ι
240 2380 373 2462 Fingite
389 2401 441 2444 me
458 2381 596 2463 dignum
613 2382 671 2445 tali
687 2402 778 2459 nece,
796 2403 863 2444 non
880 2402 944 2463 ego
961 2381 1051 2445 solus

281 2492 335 2556 hic
351 2493 461 2563 vehor.
512 2495 701 2558 Immeritos
717 2514 776 2557 cur
792 2513 867 2556 mea
883 2514 991 2576 poena
1007 2493 1130 2557 trahit?

239 2606 301 2668 Pro
318 2589 430 2687 superi
445 2605 634 2689 viridesque
649 2607 712 2682 dei,
730 2581 849 2688 quiiius
866 2626 1011 2688 aequora
1026 2625 1134 2683 curae,

178 2726 210 2776 60
281 2726 421 2800 utraque
437 2718 503 2780 iam
519 2727 648 2783 vestras
663 2718 768 2782 sistite
783 2718 881 2781 turba
897 2719 1023 2794 minas;

237 2850 404 2913 quamque
420 2831 511 2894 dedit
526 2831 627 2894 vitam
644 2831 818 2894 mitissima
834 2831 987 2894 Caesaris
1002 2831 1059 2906 ira,
1204 2825 1306 2947 3:0⁰2an

280 2942 367 3006 hanc
384 2942 481 3007 sinite
497 2943 612 3007 infelix
627 2944 669 3006 ad
686 2945 759 3007 loca
774 2943 864 3006 iussa
880 2943 996 3006 feram.
1204 2977 1248 3021 not

238 3055 282 3131 Si,
301 3075 400 3138 quam
416 3055 606 3133 commerui,
624 3075 767 3138 poenam
784 3076 836 3119 me
853 3055 999 3137 pendere
1015 3054 1122 3128 vultiS,
1204 3050 1288 3142 Μ

280 3168 380 3250 culpa
396 3188 470 3232 mea
485 3178 536 3232 est
551 3170 625 3250 ipso
641 3168 749 3231 iudice
765 3177 871 3231 morte
888 3169 1002 3231 minor.

178 3285 210 3353 65
239 3281 374 3344 Mittere
390 3301 444 3344 me
461 3279 595 3366 Stygias
612 3280 640 3343 si
655 3279 720 3342 iam
737 3279 895 3343 voluisset
911 3279 953 3342 ad
969 3279 1077 3342 undas

281 3392 414 3469 Caesar,
431 3392 465 3456 in
481 3394 544 3456 hoc
560 3401 671 3456 vestra
686 3412 753 3456 non
769 3393 916 3479 eguisset
933 3411 1005 3473 ope.
