2988 4388
522 334 648 410 JASON
674 334 763 392 AND
794 334 939 393 MEDEA
1158 343 1178 415 7
1184 344 1203 418 ς

254 518 391 592 occidat,
409 517 441 580 in
459 517 510 580 dis
526 527 584 580 est.
632 517 731 580 Vivat
747 526 878 592 tamen;
903 517 1002 598 idque
1019 518 1147 600 precari
1223 519 1293 566 Μ

196 651 226 704 25
253 631 307 692 vel
323 631 393 691 sine
410 650 522 692 amore
538 629 622 692 licet.
671 630 761 712 Quid
777 631 865 693 enim
882 631 1046 693 commisit
1064 631 1186 694 l'ason?
1222 596 1285 715 :zze

254 743 364 823 Quem
381 743 445 804 nisi
461 743 629 806 crudelem
646 763 713 806 non
730 753 847 824 tangat
865 744 994 806 l'asonis
1010 754 1102 807 aetas
1221 743 1299 804 J³⁸⁰¹¹

253 864 287 917 et
302 874 409 936 genus
426 864 461 917 et
474 855 602 918 virtus?
648 856 758 936 Quem
775 876 851 932 non,
870 865 907 918 ut
921 865 1032 920 cetera
1048 856 1166 933 desint,

253 986 309 1029 ore
327 986 458 1030 movere
475 968 608 1048 potest?
655 968 753 1031 Certe
769 988 844 1031 mea
861 978 997 1049 pectora
1013 969 1126 1032 movit.

252 1080 302 1142 At
317 1078 382 1142 nisi
397 1099 496 1161 opem
512 1080 628 1156 tulero,
646 1090 815 1144 taurorum
832 1082 1009 1145 adflabitur
1023 1102 1080 1145 ore

195 1223 226 1276 30
252 1202 494 1274 concurretque
511 1213 590 1256 suae
607 1193 721 1274 segeti,
738 1196 856 1257 tellure
873 1194 993 1257 creatis

253 1304 413 1380 hostibus,
431 1314 488 1367 aut
504 1305 601 1368 avido
617 1305 749 1368 dabitur
765 1307 838 1368 fera
854 1307 979 1386 praeda
994 1307 1138 1370 draconi.

254 1419 330 1482 Hoc
346 1439 410 1500 ego
427 1420 454 1482 si
471 1419 588 1500 patiar,
605 1427 675 1481 tum
693 1439 746 1481 me
762 1419 803 1480 de
819 1418 939 1500 tigride
955 1428 1077 1494 natam,

252 1541 322 1594 tum
339 1532 464 1595 ferrum
480 1540 514 1594 et
530 1532 686 1611 scopulos
702 1541 834 1612 gestare
851 1531 884 1593 in
902 1532 1001 1594 corde
1017 1532 1155 1595 fatebor.

254 1645 321 1708 Cur
337 1665 403 1707 non
420 1652 454 1707 et
470 1653 585 1725 specto
602 1653 806 1724 pereuntem,
824 1645 1004 1725 oculosque
1020 1644 1164 1707 videndo

193 1781 224 1835 35
253 1757 466 1820 conscelero?
512 1756 580 1820 Cur
596 1777 662 1818 non
678 1765 791 1818 tauros
807 1757 962 1818 exhortor
978 1756 1010 1817 in
1028 1757 1119 1818 illum

230 1949 238 1962 ἢ
252 1870 503 1950 terrigenasque
521 1869 610 1931 feros
625 1868 873 1950 insopitumque
890 1868 1093 1931 draconem?

297 1983 373 2044 “Di
398 1982 534 2044 meliora
554 1981 665 2043 velint.
714 1979 927 2062 Quamquam
952 2000 1019 2043 non
1044 1981 1108 2043 ista
1133 2001 1204 2062 pre-

341 2094 457 2169 canda,

252 2207 311 2269 sed
327 2205 483 2268 facienda
499 2205 587 2267 mihi.
645 2204 829 2267 Prodamne
845 2225 909 2286 ego
925 2224 1030 2286 regna
1046 2208 1202 2285 parentis

252 2329 352 2400 atque
368 2339 433 2398 ope
449 2317 560 2380 nescio
576 2316 651 2398 quis
668 2316 854 2379 servabitur
869 2317 998 2379 advena
1014 2328 1136 2394 nostra,
1221 2331 1272 2378 sne

1220 2405 1290 2452 teate

193 2462 225 2509 40
251 2441 288 2492 ut
304 2450 363 2511 per
380 2450 433 2492 me
449 2449 565 2509 sospes
582 2429 652 2491 sine
669 2449 721 2490 me
738 2430 794 2491 det
811 2428 912 2490 lintea
927 2431 1046 2506 uentis
1221 2481 1344 2541 Bm„

252 2541 367 2624 virque
384 2542 425 2604 sit
441 2542 585 2616 alterius,
603 2561 731 2622 poenae
749 2541 870 2603 Medea
886 2541 1075 2622 relinquar?

252 2655 288 2719 Si
304 2655 416 2717 lacere
434 2654 497 2715 hoc
514 2653 655 2715 aliamve
671 2662 781 2734 potest
798 2673 1004 2733 praeponere
1020 2654 1126 2730 nobiS,

251 2767 381 2830 occidat
395 2765 555 2847 ingratus
604 2765 670 2828 Sed
687 2785 753 2827 non
770 2765 797 2827 is
812 2766 924 2828 vultus
941 2765 973 2827 in
991 2766 1055 2841 illo,

251 2900 317 2943 non
335 2898 375 2942 ea
391 2878 545 2941 nobilitas
562 2877 672 2940 animo
688 2886 748 2952 est,
766 2897 805 2940 ea
820 2878 929 2958 gratia
945 2880 1082 2954 formae,

191 3016 223 3069 45
251 3002 287 3055 ut
304 2991 437 3055 timeam
455 2991 607 3053 fraudem
624 2991 798 3072 meritique
814 2990 936 3053 oblivia
952 2991 1064 3053 nostri.

253 3105 297 3167 Et
312 3103 405 3166 dabit
421 3113 499 3165 ante
515 3102 632 3177 fidem;
657 3122 843 3184 cogamque
858 3103 891 3164 in
909 3103 1046 3166 foedera
1062 3104 1156 3166 testis

250 3237 324 3280 esse
340 3217 428 3279 deos.
466 3214 556 3297 Quid
574 3224 645 3276 tuta
661 3215 782 3277 times?
818 3192 1006 3296 Accingere
1022 3225 1055 3278 et
1071 3235 1204 3278 omnem

251 3329 337 3410 pelle
354 3349 488 3390 moram.
536 3326 612 3389 Tibi
628 3347 663 3389 se
680 3347 812 3407 semper
827 3327 960 3390 debebit
978 3329 1087 3403 Iason,

250 3450 284 3503 te
300 3441 375 3503 iace
391 3439 542 3502 sollemni
558 3440 675 3518 iunget
692 3437 762 3512 sibi,
782 3459 908 3520 perque
926 3438 1083 3519 Pelasgas

194 3577 224 3632 50
251 3554 409 3617 servatrix
426 3551 516 3614 urbis
533 3558 674 3612 matrum
693 3549 903 3612 celebrabere
919 3551 1025 3613 turba.

296 3667 417 3747 “Ergo
448 3684 512 3746 ego
543 3683 738 3746 germanam
768 3664 974 3745 fratremque
1009 3675 1205 3748 patremque
1223 3687 1296 3746 nuty

338 3779 484 3860 deosque
1224 3763 1319 3820 ῬΜ
