2988 4388
619 351 854 423 PHAaTHoN

211 560 242 614 95
252 555 337 632 eque
351 558 402 613 tot
417 571 455 614 ac
471 560 573 616 tantis
590 552 673 616 caeli
688 562 862 635 terraeque
879 551 1046 633 marisque

251 670 351 743 pesce
366 661 463 726 bonis
479 664 611 747 aliquid.
662 664 798 728 Nallam
816 667 941 746 patiere
957 663 1134 745 repulsam.

251 775 423 856 Deprecor
439 777 501 839 hac
519 784 631 853 smum,
645 777 734 861 quod
749 784 830 840 vere
844 776 978 838 nemine
995 794 1112 856 poena,

249 894 315 949 nen
347 888 453 951 honor
483 899 552 966 est;
584 909 737 972 poenam,
764 889 948 964 Phaethen,
972 895 1033 969 pre
1062 894 1201 950 manere

336 1001 454 1080 pascis,
662 977 666 982 ¹

249 1110 338 1193 Quid
354 1132 429 1175 mea
444 1114 529 1176 colla
545 1121 639 1178 tenes
654 1114 795 1188 blandis,
812 1121 937 1196 ignare,
955 1111 1108 1176 lacertis?

192 1248 237 1286 100
250 1224 302 1286 Ne
318 1224 442 1301 dubita,
454 1225 586 1289 dabitur
603 1226 754 1312 (Stygias
771 1227 951 1288 isiravimus
968 1226 1092 1308 undas)
1148 1215 1154 1224 ’

247 1336 479 1420 quodcumque
496 1339 637 1419 optaris;
663 1339 722 1400 sed
739 1346 774 1400 ta
792 1337 975 1420 sapientius
991 1337 1101 1418 opta.''

292 1450 440 1512 Finierat
456 1450 609 1513 monitis.
659 1452 766 1514 Dictis
782 1461 894 1519 tamen
909 1450 965 1513 iile
982 1457 1148 1531 repflgnat
1217 1469 1253 1516 no

205 1629 208 1635 ,
248 1561 522 1646 propositumque
537 1562 658 1645 premit
676 1562 860 1645 flagratque
876 1563 1032 1644 cupidine
1048 1569 1172 1625 curnis.
1216 1545 1294 1665 Ἠ

250 1675 340 1755 Erga
356 1682 422 1756 qua
438 1675 527 1738 licuit
543 1675 674 1757 genitor
689 1683 872 1752 cunctatus
890 1677 931 1738 ad
948 1675 1032 1738 altas
1216 1693 1359 1754 eagomees
1454 1752 1456 1756 Ι

193 1785 381 1856 105ded1'1cit
396 1789 559 1864 iuvenem,
576 1789 740 1853 Volcania
756 1796 903 1863 memera,
921 1795 1045 1851 curnis.

248 1898 382 1982 Aureus
398 1899 468 1962 axis
484 1910 564 1976 erat,
582 1909 672 1963 teme
688 1921 818 1976 aureus,
836 1921 937 1963 aurea
953 1920 1103 1964 summae

248 2019 425 2075 curvatflra
441 2022 542 2089 rotae,
561 2013 728 2076 radiorum
746 2022 925 2094 argenteus
941 2013 1031 2077 arde.

249 2125 312 2186 Per
326 2124 405 2205 iuga
422 2125 617 2208 chrysolithi
634 2125 829 2208 positaeque
846 2145 886 2187 ex
902 2123 1016 2186 ordine
1032 2143 1186 2205 gemmae

248 2237 337 2300 clara
353 2246 551 2319 repercussa
568 2238 753 2302 reddebant
771 2238 895 2298 lumina
913 2235 1056 2299 Phoebe.

192 2374 237 2409 110
250 2351 407 2433 Dumque
419 2370 459 2413 ea
469 2350 703 2432 magnanimus
716 2350 889 2413 Phaethan
901 2355 1038 2411 miratur
1048 2368 1200 2431 opusque

249 2461 417 2543 perspicit,
434 2482 512 2525 ecce
528 2463 608 2544 vigil
624 2462 729 2525 nitide
745 2460 904 2543 patefecit
919 2460 961 2523 ab
977 2468 1050 2523 ortir

135 2623 139 2630 .
248 2581 433 2656 purpureas
449 2575 582 2636 Aurara
597 2575 679 2637 foris
695 2584 729 2637 et
744 2574 844 2656 plena
860 2581 1008 2636 rosarum
1216 2577 1312 2625 Aurora

1217 2654 1265 2699 and

247 2686 339 2749 atria.
389 2685 582 2768 Diffugiunt
597 2686 722 2762 stellae,
740 2693 878 2769 quarum
895 2686 1029 2767 agmina
1045 2685 1135 2767 cegit
1218 2725 1319 2774 Lucifer

250 2798 396 2874 Lircifer‚
413 2809 447 2862 et
462 2800 546 2862 caeli
561 2799 703 2862 statiene
719 2798 918 2862 novissimus
934 2800 1010 2860 exit.

193 2935 237 2987 115
249 2910 358 2992 Quem
376 2919 490 2994 petere
506 2920 543 2975 ut
558 2919 664 2975 terras
685 2891 911 2992 mundumque
926 2910 1103 2972 rubescere
1118 2909 1200 2972 vidit

249 3042 438 3106 cornuaque
454 3031 620 3088 extremae
635 3024 727 3086 velut
743 3008 940 3085 evanescere
956 3022 1065 3098 lanae,

248 3134 386 3216 iungere
402 3143 506 3219 eques
522 3137 621 3199 Titan
637 3134 805 3199 velecibus
821 3135 963 3216 imperat
980 3135 1091 3197 Haris.

252 3247 349 3310 lassa
363 3247 446 3311 deae
462 3248 588 3311 celeres
605 3256 779 3330 peragunt,
796 3257 976 3329 ignemque
992 3256 1156 3311 vomentis

250 3357 435 3422 ambrosiae
451 3366 533 3422 sace
548 3366 677 3422 saturas
694 3357 911 3440 praesepibus
928 3358 1003 3420 altis

194 3495 239 3531 120
250 3469 484 3553 quadrupedes
500 3470 626 3534 ducunt
642 3471 836 3552 adduntque
853 3469 1007 3533 sonantia
1023 3470 1128 3533 frena.

250 3584 336 3645 Tum
354 3593 449 3665 pater
463 3592 521 3647 era
537 3593 589 3647 sui
604 3591 698 3647 sacra
714 3581 931 3645 medicamine
948 3589 1018 3644 nati

251 3695 390 3776 contigit
406 3705 440 3758 et
455 3695 591 3777 rapidae
607 3696 688 3758 fecit
704 3696 864 3778 patientia
880 3693 1042 3770 flammae,

249 3806 474 3889 imposuitque
490 3828 604 3872 comae
619 3808 738 3884 radios,
756 3815 987 3890 praesagaque
1004 3808 1112 3871 lactes
