2998 4386
316 315 383 381 182
522 321 773 379 SELECT10NS
804 321 921 378 FROM
952 323 1056 380 OVID

312 508 470 588 temporis
487 515 630 569 aetatem
646 515 928 588 venturorumque
944 516 1103 587 nepotum
1291 543 1323 592 90

314 619 518 701 prospiciens
535 619 661 700 prolem
678 627 794 682 sancta
810 619 852 681 de
868 619 1009 700 coniuge
1026 628 1138 681 natam

313 733 401 794 ferre
418 731 516 794 simul
531 750 721 814 nomenque
738 752 834 794 suum
853 751 1016 813 curasque
1032 731 1166 794 iubebit.

314 845 386 908 Nec
402 844 464 906 nisi
481 864 555 906 cum
573 843 683 907 senior
700 845 812 928 Pylios
825 845 1017 926 aequaverit
1034 864 1150 920 annos

313 958 477 1021 aetherias
494 957 582 1019 sedis
598 966 808 1038 cognataque
824 957 933 1020 sidera
948 966 1073 1039 tanget.

315 1069 415 1132 Hanc
432 1069 577 1132 animam
594 1069 721 1132 interea
733 1089 831 1133 caeso
849 1070 889 1132 de
906 1090 1045 1151 corpore
1062 1079 1191 1151 raptam
1265 1097 1321 1160 ,95

314 1183 368 1244 fac
384 1182 488 1258 iubar,
506 1192 542 1244 ut
557 1202 689 1263 semper
706 1181 871 1264 Capitolia
886 1192 999 1245 nostra
1016 1183 1205 1264 Forumque

314 1295 410 1357 divus
426 1295 467 1357 ab
483 1295 614 1358 excelsa
631 1304 820 1376 prospectet
839 1295 943 1357 lulius
959 1294 1072 1358 aede.”

356 1407 422 1471 Vix
438 1427 477 1469 ea
494 1407 586 1470 fatus
602 1416 683 1484 erat,
701 1408 811 1470 media
827 1427 903 1470 cum
920 1407 999 1470 sede
1013 1417 1148 1469 senatus

312 1520 460 1582 constitit
476 1520 564 1582 alma
580 1521 696 1583 Venus
713 1519 795 1582 nulli
812 1520 988 1595 cernenda,
1007 1521 1123 1601 suique

314 1632 467 1696 Caesaris
484 1633 605 1713 eripuit
617 1632 785 1708 membris,
804 1652 865 1695 nec
882 1632 916 1695 in
933 1652 1010 1695 aera
1026 1631 1109 1694 solvi
1276 1657 1321 1692 100

314 1764 413 1825 passa
429 1753 598 1807 recentem
615 1745 760 1807 animam
778 1744 976 1807 caelestibus
993 1744 1103 1806 intulit
1119 1742 1225 1805 astris.

315 1857 471 1939 Dumque
484 1856 567 1932 tulit,
582 1856 695 1919 lumen
713 1877 832 1938 capere
850 1865 950 1938 atque
968 1856 1139 1938 ignescere
1150 1855 1263 1930 sensit,

294 2001 298 2008 ·
313 1968 487 2050 emisitque
504 1968 586 2031 sinu.
636 1969 734 2031 Luna
749 1970 840 2032 volat
856 1969 954 2032 altius
970 1970 1035 2044 illa,

313 2080 615 2162 flammiferumque
631 2082 768 2144 trahens
785 2081 931 2162 spatioso
949 2081 1051 2143 limite
1068 2081 1192 2143 crinem

313 2192 408 2256 stella
423 2193 523 2256 micat
535 2193 693 2276 {natique
709 2194 827 2256 videns
842 2193 1019 2256 benefacta
1036 2194 1160 2256 fatetur
1277 2214 1321 2268 105
1350 2196 1354 2204 '

313 2325 387 2368 esse
403 2307 470 2368 suis
488 2307 621 2382 maiora,
639 2315 673 2369 et
688 2307 777 2369 vinci
793 2307 917 2388 gaudet
934 2306 976 2368 ab
992 2306 1056 2368 illo.

315 2418 381 2480 Hic
398 2438 458 2480 sua
475 2418 637 2499 praeferri
653 2439 856 2500 quamquam
873 2428 964 2482 vetat
980 2427 1055 2481 acta
1071 2417 1227 2499 paternis,

313 2529 416 2593 libera
432 2529 523 2592 fama
539 2539 651 2593 tamen
668 2531 833 2612 nullisque
850 2531 992 2594 obnoxia
1008 2531 1105 2593 iussis

313 2643 452 2704 invitum
469 2643 626 2724 praefert,
644 2663 776 2725 unaque
793 2643 826 2705 in
843 2654 937 2725 parte
950 2652 1124 2724 repugnat.

314 2754 369 2819 Sic
385 2756 499 2836 magni
514 2755 602 2817 cedit
617 2755 721 2818 titulis
737 2755 1004 2837 Agamemnonis
1021 2756 1146 2817 Atreus
1159 2776 1166 2831 ;
1278 2779 1322 2814 110

313 2867 433 2947 Aegea
450 2867 496 2930 sic
512 2867 675 2943 Theseus,
693 2868 739 2931 sic
757 2869 855 2932 Pelea
870 2868 949 2932 vicit
964 2867 1124 2931 Achilles.

316 2980 479 3062 Denique,
497 2988 533 3041 ut
549 2981 710 3062 exemplis
726 2981 817 3063 ipsos
833 2981 1053 3063 aequantibus
1068 2990 1151 3056 utar,

357 3136 397 3185 91.
420 3123 550 3185 prolem:
576 3124 616 3173 i.e.
638 3125 761 3184 Tiberius,
780 3125 818 3174 his
835 3133 956 3190 step-son,
974 3125 1085 3189 adopted
1108 3125 1141 3187 by
1163 3123 1215 3172 him
1239 3139 1265 3172 as

314 3205 353 3254 his
366 3205 597 3256 heia-sancta:
612 3191 697 3256 ch‘aste.
708 3209 893 3270 —coniugm
914 3209 952 3257 i.e.
969 3208 1047 3256 Livia.
1087 3220 1127 3270 93.
1145 3207 1263 3269 Pylios:

315 3289 358 3337 i.e.
369 3289 398 3336 of
407 3290 508 3348 Nestor,
521 3289 619 3338 famous
632 3290 670 3339 101
682 3291 720 3339 his
731 3292 791 3339 wise
804 3291 917 3339 counsels
927 3291 977 3338 and
986 3296 1056 3352 great
1066 3305 1120 3351 age.
1158 3303 1197 3351 94.
1216 3302 1265 3339 co·

314 3374 418 3432 gnata:
439 3372 561 3435 referring
578 3380 604 3421 to
613 3373 693 3437 Julius
710 3373 811 3422 Caesar.
844 3385 885 3437 95.
902 3374 1043 3421 animam:
1063 3372 1102 3420 ie.
1120 3372 1149 3420 01
1166 3373 1265 3421 Caesar.

313 3466 352 3514 99.
372 3455 521 3504 comenda
535 3473 540 3502 :
556 3457 650 3505 visible.
688 3469 741 3504 100.
758 3456 887 3517 eripuit:
904 3456 935 3503 its
947 3454 995 3517 obj.
1005 3455 1026 3503 is
1037 3456 1164 3512 animam,
1176 3471 1199 3503 v.
1212 3467 1265 3502 101.

313 3538 508 3587 —membriaz
536 3539 602 3601 body.
655 3551 709 3599 104.
728 3539 856 3587 crinem:
883 3538 924 3586 ie.
943 3539 986 3586 the
1005 3537 1048 3585 tail
1066 3537 1095 3584 01
1114 3537 1157 3585 the
1175 3543 1265 3585 comet.

296 3629 298 3635 ’
317 3631 369 3683 ¹05·
391 3621 498 3669 micat:
523 3621 640 3684 sparkles.
653 3621 770 3669 -nath
807 3621 846 3670 i.e.
864 3623 998 3682 Augustus.
1039 3619 1092 3668 108.
1110 3620 1263 3668 obnoxia:

312 3703 409 3766 subject.
453 3715 506 3752 110.
534 3704 651 3753 titulis:
678 3704 759 3767 glory.
806 3716 857 3750 112.
875 3704 961 3764 ipsos
983 3702 1199 3764 aequantibus:
1226 3701 1265 3751 i.e.

313 3785 405 3834 Caesar
416 3785 468 3833 and
479 3787 608 3848 Augustus
622 3793 687 3835 must
699 3786 730 3833 be
745 3786 880 3850 compared
894 3786 954 3834 with
966 3786 1036 3848 gods.
