2996 4384
343 217 359 255 u
1288 239 1290 244 .

184 253 340 448 sss
405 317 492 374 Tun
519 318 776 377 vevonmvcn
807 305 859 376 oF
888 320 1034 378 Nessus
1150 328 1193 417 37

23 392 32 406 ,
144 409 179 546 γ
835 388 883 484 qu
898 417 954 482 ,ιω
989 397 1046 446 Ι,ι

246 526 334 581 serta
349 537 451 600 super
466 538 584 596 ramos,
602 533 797 606 ponensque
813 521 958 584 recentia
974 519 1059 584 dixi:
1156 545 1159 554 ·
1178 531 1182 550 ⁸
1203 508 1206 518 ⁴
1275 508 1278 516 ’

190 663 235 700 100
247 635 265 662 “
277 630 366 695 Cura
378 631 478 694 deum
490 631 524 694 di
536 631 611 708 sint,
628 641 662 695 et
677 631 734 714 qui
746 632 877 698 coluere
890 633 1071 697 colantur.''

504 703 512 760 ²
790 755 850 825 a<

435 789 459 865 (l
481 769 562 858 vibi
582 778 638 925 (fl
651 772 788 860 mod-‘-
1076 825 1108 887 s

134 984 137 990 ’
246 992 376 1064 XVII.
408 992 528 1064 THE
553 992 890 1066 VENGEANCE
911 995 981 1066 OF
1001 994 1198 1068 NESSUS

272 1159 338 1248 'At
353 1195 396 1262 te,
415 1186 523 1250 Nesse
539 1186 643 1263 feror,
660 1185 810 1251 eiusdem
826 1186 965 1269 virginis
981 1187 1078 1251 ardor

246 1297 437 1380 perdiderat
451 1298 577 1362 volucri
592 1297 766 1363 traiectum
782 1310 878 1381 terga
894 1299 1025 1382 sagitta.
1037 1277 1054 1310 ²

247 1411 402 1492 Namque
418 1430 505 1473 nova
520 1419 676 1492 repetens
693 1411 818 1492 patrios
834 1431 910 1475 cum
927 1411 1069 1494 coniuge
1085 1431 1197 1475 muros
1266 1460 1269 1464 .

221 1531 382 1586 „venerat
399 1522 508 1585 Eueni
523 1522 657 1604 rapidas
674 1523 756 1586 Iove
772 1533 871 1587 natus
887 1524 930 1587 ad
946 1523 1063 1587 undas.

203 1650 217 1704 5
247 1634 390 1700 Uberior
406 1634 511 1711 solito,
528 1636 650 1698 nimbis
666 1635 863 1699 hiemalibus
880 1645 1006 1711 auctus,

245 1747 488 1830 verticibusque
504 1747 664 1830 frequens
680 1756 751 1811 erat
766 1757 866 1831 atque
882 1748 1062 1830 impervius
1079 1748 1194 1813 amnis.

153 1850 155 1855 ’
231 1858 454 1943 'Intrepidum
471 1872 532 1942 pro
547 1880 593 1936 se,
611 1879 724 1924 curam
739 1860 782 1923 dc
798 1860 939 1943 coniuge
955 1870 1112 1942 agentem
1214 1880 1313 1928 neonus

247 1973 381 2036 Nessus
392 1972 461 2035 adit
476 1971 699 2055 membrisque
711 1973 826 2036 valens
842 1973 1011 2055 scitusque
1023 1974 1193 2051 vadorum,
1212 1955 1330 2090 „⁰3:21⁸

187 2101 191 2105 ’
246 2090 265 2117 “
276 2084 396 2150 Officio
407 2084 425 2110 '⁹
442 2105 508 2168 que
526 2089 545 2117 “
555 2105 629 2148 meo
645 2086 718 2168 ripa
734 2083 868 2149 sistetur
883 2085 916 2148 in
933 2085 988 2166 illa
1215 2115 1301 2152 aerum

62 2250 64 2252 .
169 2187 178 2278 J
188 2229 219 2265 10
245 2197 359 2274 haec,”
373 2197 428 2274 ait,
447 2197 615 2274 “Alcide;
639 2207 675 2260 tu
690 2197 815 2261 viribus
831 2206 923 2261 utere
939 2198 1081 2262 nand0.”
1213 2177 1316 2228 ΕΜ

246 2310 495 2392 Pallentemque
508 2319 599 2373 metu
611 2308 814 2392 fluviumque
830 2309 1006 2393 ipsumque
1022 2311 1195 2374 timentem

243 2421 508 2485 tradid‘tAoniu
542 2421 698 2504 pavidam
716 2421 925 2513 Calydonida
942 2423 1060 2486 Nesso
1102 2437 1105 2442 '

259 2594 264 2608 ,
290 2536 325 2597 Μ
350 2555 378 2611 x,
392 2519 429 2598 it
445 2443 526 2611 erai,
539 2494 762 2617 phdrctrdqu'e
779 2522 890 2617 gravis
902 2509 1074 2617 spolioque
1089 2492 1195 2598 leonis

243 2642 338 2731 (nam
353 2647 482 2710 clavam
497 2657 532 2710 et
547 2666 666 2710 curvos
682 2655 773 2710 trans
789 2645 895 2729 ripam
912 2646 1047 2710 miserat
1062 2646 1183 2731 arcus),

188 2752 217 2838 1'5
246 2758 555 2842 “Quandoquidem
571 2759 676 2842 coepi,
694 2737 893 2841 superentur
908 2759 1076 2836 flumina,”
1088 2758 1182 2833 dixit.

246 2872 318 2935 Nec
334 2870 464 2935 dubitat
479 2891 541 2935 nec
557 2892 624 2954 qua
640 2871 682 2936 sit
698 2870 975 2936 clementissimus
990 2873 1097 2935 amnis

245 2982 382 3067 quaerit,
399 2993 433 3048 et
448 2982 608 3066 obsequio
624 2983 748 3046 deferri
764 2983 892 3066 spernit
907 3002 1076 3066 aquarum.
1185 3005 1187 3009 ·

245 3097 385 3179 Iamque
401 3106 519 3160 tenens
535 3098 652 3178 ripam,
669 3095 789 3159 missos
805 3116 880 3160 cum
896 3095 1026 3160 tolleret
1041 3116 1147 3173 arcus,
1210 3107 1248 3154 ue

245 3209 396 3291 coniugis
412 3208 549 3292 agnovit
564 3229 698 3285 vocem;
725 3209 901 3290 Nessoque
918 3207 1050 3290 paranti
1210 3193 1332 3304 {affin

187 3349 218 3385 20
230 3321 361 3385 ”fallere
377 3321 576 3404 depositum,
601 3322 708 3403 “Quo
724 3331 757 3384 te
773 3320 924 3398 fiducia,”
942 3319 1072 3397 clamat,

246 3439 361 3497 “vana
373 3434 507 3516 pedum,
518 3432 674 3508 violente,
685 3432 792 3515 rapit?
815 3432 900 3510 Tibi,
914 3433 1022 3496 Nesse
1032 3432 1192 3509 biformis,

244 3545 394 3610 dicimus.
443 3546 581 3622 Exaudi,
600 3565 662 3608 nec
677 3565 729 3608 res
745 3545 906 3627 intercipe
922 3554 1063 3609 nostras.

213 3701 214 3708 ,
247 3659 349 3722 Haud
365 3661 477 3722 tamen
493 3651 645 3740 effugies,
663 3657 814 3740 quamvis
830 3677 894 3740 ope
911 3655 984 3720 fidis
1001 3657 1131 3740 equina.

244 3770 402 3848 Vulnere,
416 3791 483 3834 non
499 3770 641 3853 pedibus
656 3779 690 3834 te
705 3769 922 3854 consequar.’'
963 3768 1090 3835 Ultima
1107 3771 1196 3835 dicta
