2988 4388
315 311 364 400 46
527 321 777 381 sunnemous
807 322 924 381 mou
955 323 1060 382 oum

315 507 465 588 tegmina
481 527 556 570 mox
571 506 719 590 capitum
736 507 825 589 picto
842 508 993 571 nutantia
1008 527 1114 584 cono,

316 639 393 682 mox
409 619 514 683 umeri
529 629 713 702 pectusque
729 629 932 704 onerataque
948 620 1104 684 bracchia
1120 621 1194 685 telis

315 733 487 808 exsistunt,
505 732 690 815 crescitque
706 753 804 816 seges
820 731 964 815 clipeata
980 735 1133 797 virorum.
1282 749 1326 785 1¹0

317 845 372 910 Sic
388 844 445 908 ubi
459 845 621 908 tolluntur
636 845 732 909 festis
748 846 866 909 aulaea
882 844 1031 922 theatris,

316 977 453 1039 surgere
470 957 566 1039 signa
579 957 687 1020 solent
703 957 912 1040 primumque
928 958 1105 1022 ostendere
1119 957 1240 1035 vultuS,

316 1079 427 1134 cetera
443 1069 612 1151 paulatim,
631 1067 829 1152 placidoque
845 1070 966 1134 educta
980 1079 1097 1135 tenore

315 1191 385 1245 tota
402 1191 518 1265 patent
532 1183 666 1264 imoque
682 1181 785 1263 pedes
801 1181 835 1245 in
852 1183 1002 1265 margine
1018 1192 1156 1265 ponunt.

315 1295 465 1358 Territus
482 1295 577 1358 hoste
593 1314 680 1357 novo
697 1294 845 1359 Cadmus
861 1315 982 1378 capere
1000 1315 1091 1358 arma
1108 1295 1257 1378 parabat.
1281 1302 1326 1356 Π5

317 1412 336 1439 “
348 1407 402 1470 Ne
418 1408 532 1489 cape,”
550 1408 591 1470 de
609 1407 734 1488 populo
751 1427 850 1490 quem
868 1417 957 1471 terra
972 1417 1144 1494 creaverat
1160 1429 1246 1472 unus

316 1519 489 1594 exclamat,
510 1525 598 1582 “nec
617 1528 650 1582 te
668 1518 819 1583 civilibus
837 1519 945 1584 insere
962 1519 1089 1583 bellis.'’

360 1631 475 1713 Atque
490 1631 536 1694 ita
552 1631 728 1713 terrigenis
744 1631 851 1713 rigido
868 1632 909 1695 de
925 1632 1084 1696 fratribus
1100 1651 1203 1696 unum

316 1743 501 1807 cornminus
517 1763 597 1806 ense
614 1742 709 1820 ferit;
733 1744 841 1806 iaculo
857 1744 947 1806 cadit
961 1743 1092 1807 eminus
1106 1747 1189 1826 ipse.

318 1856 385 1919 Hic
401 1875 533 1937 quoque
549 1854 606 1937 qui
622 1855 688 1918 leto
704 1854 843 1918 dederat
859 1875 926 1918 non
943 1855 1075 1938 longius
1091 1856 1147 1920 illo
1281 1875 1326 1911 120

316 1967 405 2043 vivit,
422 1977 456 2031 et
471 1967 616 2048 exspirat
632 1967 731 2030 modo
750 1987 832 2049 quas
850 1977 1026 2050 acceperat
1044 1989 1152 2032 auras.

317 2080 547 2162 Exemploque
563 2079 635 2162 pari
651 2080 733 2143 furit
749 2081 856 2143 omnis
872 2080 978 2156 turba,
997 2101 1124 2163 suoque

317 2195 426 2256 Marte
442 2193 565 2256 cadunt
582 2192 681 2256 subiti
698 2213 762 2274 per
773 2201 890 2256 mutua
901 2193 1040 2282 vulnera
1055 2193 1184 2258 fratres.

316 2306 455 2388 Iamque
471 2305 580 2369 brevis
595 2305 684 2368 vitae
701 2305 844 2387 spatium
862 2306 977 2368 sortita
993 2305 1149 2370 iuventus

314 2418 499 2500 sanguineo
515 2417 662 2499 tepidam
679 2417 862 2499 plangebat
877 2427 1012 2500 pectore
1027 2427 1177 2495 matrem,
1280 2447 1326 2498 125

314 2529 460 2612 quinque
476 2528 719 2611 superstitibus
768 2529 918 2612 Quorum
941 2531 1005 2594 fuit
1020 2553 1106 2595 unus
1125 2531 1264 2595 Echion.

316 2644 350 2706 Is
366 2663 426 2705 sua
441 2642 517 2706 iecit
533 2642 634 2705 humo
651 2642 778 2705 monitu
794 2641 976 2706 Tritonidis
992 2663 1084 2706 arma

313 2756 548 2836 fraternaeque
564 2753 663 2816 fidem
680 2755 773 2835 pacis
790 2754 951 2836 petiitque
967 2754 1133 2837 deditque.

315 2868 390 2931 Hos
405 2866 515 2948 operis
531 2867 668 2929 comites
686 2865 801 2929 habuit
818 2864 976 2929 Sidonius
992 2867 1125 2948 hospeS,

313 3000 389 3044 cum
406 2981 516 3061 posuit
530 2980 655 3042 iussam
673 2978 836 3042 Phoebeis
855 2977 998 3041 sortibus
1014 2979 1139 3042 urbem.
1280 3009 1326 3060 130

358 3094 430 3155 Iam
447 3090 581 3154 stabant
593 3090 746 3167 Thebae;
773 3099 907 3172 poteras
920 3091 995 3165 iam,
1011 3090 1146 3168 Cadme,
1161 3092 1267 3156 videri

313 3204 427 3269 exsilio
442 3204 530 3267 felix.
579 3203 693 3268 Soceri
709 3202 769 3266 tibi
786 3205 946 3285 Marsque
962 3204 1145 3286 Venusque

313 3319 541 3399 contigerant3
566 3316 631 3379 huc
647 3315 733 3380 adde
749 3335 858 3397 genus
874 3316 916 3379 de
932 3317 1075 3398 coniuge
1090 3325 1195 3394 tanta,

313 3440 363 3494 tot
377 3438 474 3492 natos
489 3437 652 3510 natasque
668 3438 702 3491 et
718 3429 859 3510 pignora
875 3449 952 3492 cara
967 3438 1117 3510 nepoteS,

313 3544 374 3606 hos
387 3561 519 3625 quoque
530 3541 597 3603 iam
608 3541 754 3604 iuvenes.
788 3539 854 3603 Sed
868 3538 993 3603 scilicet
1005 3538 1120 3602 ultima
1133 3559 1265 3622 semper
1279 3561 1324 3613 135

313 3653 537 3737 exspectanda
553 3652 624 3716 dies
641 3652 775 3727 homini,
793 3651 923 3734 dicique
939 3650 1057 3715 beatus

314 3776 390 3831 ante
405 3766 535 3830 obitum
547 3784 646 3829 nemo
663 3783 886 3847 supremaque
902 3765 1021 3826 funera
1036 3762 1145 3830 debet.
