2996 4384
606 339 743 399 0V1D’s
772 342 858 399 LlFE
887 395 896 406 .

267 521 467 606 Oblitusque
484 523 548 588 mei
564 525 750 607 ductaeque
767 546 827 606 per
842 525 910 589 otia
925 525 1013 590 vitae

309 635 441 699 insolita
457 635 533 718 cepi
549 639 708 719 temporis
726 657 819 700 arma
835 658 946 715 manu,

211 770 255 824 105
265 757 380 831 totque
396 748 456 811 tuli
472 769 570 813 casus
586 750 773 832 pelagoque
789 760 942 834 terraque
959 761 1040 835 quot
1055 754 1142 816 inter

308 861 475 926 occultum
491 862 607 925 stellae
623 864 907 946 conspicuumque
925 867 1048 947 polum.

264 974 371 1037 Tacta
387 973 467 1036 mihi
482 975 617 1038 tandem
635 974 743 1057 longis
758 976 923 1040 erroribus
939 985 1014 1041 acto

308 1085 420 1150 iuncta
436 1087 638 1170 pharetratis
656 1089 817 1164 Sarmatis
834 1110 892 1152 ora
908 1089 1011 1154 Getis.

266 1197 333 1262 Hic
349 1219 413 1281 ego
429 1199 576 1264 finitimis
592 1203 744 1283 quamvis
761 1201 986 1267 circumsoner
1001 1202 1111 1280 armis,

209 1343 255 1380 110
307 1312 422 1389 tristia,
441 1334 507 1395 quo
524 1334 669 1395 possum,
686 1315 833 1378 carmine
848 1315 920 1378 lata
936 1315 1018 1379 levo.

266 1425 365 1507 Quod
382 1425 533 1508 quamvis
549 1447 647 1491 nemo
663 1435 715 1490 est
730 1428 824 1490 cuius
840 1428 1004 1492 referatur
1020 1430 1062 1492 ad
1078 1429 1175 1507 auris,
1231 1450 1267 1498 110

308 1537 355 1602 sic
370 1547 482 1602 tamen
499 1537 637 1602 absumo
653 1538 851 1622 decipioque
867 1540 964 1604 diem.
1231 1524 1350 1648 ἓξὲξ·

266 1651 356 1732 Ergo
373 1651 461 1733 quod
476 1653 552 1715 vivo
568 1650 725 1734 durisque
741 1650 908 1716 laboribus
924 1651 1030 1730 obsto,
1231 1676 1297 1723 wito

307 1783 369 1826 nec
387 1783 439 1826 me
456 1763 615 1826 sollicitae
630 1764 742 1827 taedia
758 1766 840 1828 lucis
857 1765 990 1842 habent,
1232 1749 1336 1809 Μ’*

208 1907 253 1958 115
264 1873 380 1956 gratia,
401 1877 509 1951 Musa,
527 1876 595 1940 tibi.
644 1877 733 1940 Nam
749 1886 785 1940 tu
802 1877 925 1941 solacia
942 1877 1091 1960 praebes,

307 1996 344 2050 tu
356 2008 455 2051 curae
471 1989 612 2071 requies
630 1999 667 2052 tu
684 1989 848 2053 medicina
864 1991 966 2054 venis,

264 2099 317 2162 Tu
332 2100 399 2162 dux
415 2109 449 2164 et
464 2121 576 2164 comes
592 2121 638 2178 es,
655 2111 692 2164 tu
708 2122 769 2165 nos
785 2101 922 2165 abducis
938 2101 980 2164 ab
998 2101 1115 2167 Histro

307 2211 341 2274 in
358 2212 533 2295 medioque
550 2213 630 2275 mihi
646 2213 707 2276 das
725 2213 890 2278 Helicone
908 2215 1025 2278 locum.
1070 2299 1072 2304 Ι

264 2323 317 2385 Tu
334 2323 422 2399 mihi,
441 2324 529 2406 quod
545 2345 656 2388 rarum
673 2335 733 2402 est,
750 2327 826 2388 vivo
842 2325 983 2389 sublime
999 2326 1120 2390 dedisti

210 2465 255 2501 120
307 2455 438 2512 nomen,
457 2435 498 2499 ab
514 2436 679 2520 exsequiis
696 2437 785 2520 quod
800 2438 880 2501 dare
895 2437 987 2500 lama
1003 2437 1096 2502 solet.

265 2548 338 2611 Nec
355 2548 411 2631 qui
427 2550 590 2613 detrectat
606 2549 805 2631 praesentia,
825 2549 926 2614 Livor
941 2550 1055 2633 iniquo

201 2721 204 2729 ,
307 2659 410 2723 ullum
426 2661 468 2725 de
484 2663 606 2725 nostris
622 2662 724 2725 dente
741 2663 919 2726 momordit
936 2683 1028 2745 opus.

265 2773 353 2836 Nam
369 2774 506 2837 tulerint
521 2793 662 2856 magnos
678 2795 754 2838 curn
771 2776 905 2838 saecula
922 2785 1035 2839 nostra
1052 2785 1177 2858 poetas,

307 2904 374 2948 non
390 2886 455 2948 fuit
470 2885 604 2967 ingenio
621 2887 713 2949 fama
729 2886 876 2969 maligna
892 2907 975 2951 meo.

208 3021 254 3076 125
264 2995 416 3080 Cumque
427 3018 490 3080 ego
504 3019 709 3081 praeponam
722 2999 844 3063 multos
857 2999 1022 3077 mihi,non
1032 2999 1140 3064 minor
1151 2999 1215 3064 illis

307 3109 399 3173 dicor
413 3119 448 3174 et
462 3111 495 3173 in
511 3120 581 3175 toto
598 3110 759 3195 plurimus
775 3111 855 3176 orbe
871 3113 972 3194 legor.

265 3220 301 3284 Si
316 3222 394 3304 quid
411 3222 537 3286 habent
552 3223 653 3305 igitur
668 3232 781 3287 vatum
799 3225 974 3306 praesagia
990 3223 1069 3301 veri,

307 3335 458 3416 protinus
474 3344 510 3398 ut
526 3334 656 3412 moriar,
673 3357 741 3399 non
758 3357 823 3413 ero,
840 3344 937 3412 terra,
954 3345 1041 3400 tuus.

265 3444 341 3509 Sive
357 3448 473 3509 lavore
490 3447 550 3511 tuli
567 3447 636 3511 sive
653 3450 739 3512 hanc
756 3468 820 3530 ego
837 3448 983 3512 carmine
1000 3449 1136 3526 famam,

208 3592 255 3644 130
307 3557 377 3622 iure
392 3558 452 3622 tibi
468 3560 580 3642 gratis,
598 3560 738 3624 candide
755 3561 867 3636 lector,
884 3580 958 3643 ago
