2996 4384
310 308 376 377 118
513 317 764 377 SELECTIONS
794 319 913 377 FROM
943 319 1048 378 OVlD

306 500 430 566 Utilius
446 511 572 565 starent
587 503 687 565 etiam
703 522 791 566 nunc
808 503 938 567 moenia
955 502 1080 568 Phoebi
1284 503 1315 570 ⁶5

346 610 487 698 (irascor
501 613 588 678 votis
604 615 669 678 heu
684 614 766 678 levis
782 615 856 697 ipsa
872 617 955 679 meis
967 615 1007 700 !);

305 725 424 789 scirem
441 725 497 789 ubi
513 725 690 809 pugnares,
707 737 741 790 et
756 737 886 790 tantum
903 727 990 791 bella
1006 727 1167 804 timerem,

348 847 382 902 et
398 858 472 902 mea
487 858 563 902 cum
579 838 691 902 multis
706 840 820 902 iuncta
835 840 982 922 querella
997 840 1093 903 foret.

306 951 397 1032 Quid
412 952 557 1027 timeam,
575 950 710 1033 ignoro;
734 951 835 1015 timeo
851 961 964 1016 tamen
980 950 1092 1016 omnia
1108 952 1255 1029 demens,

348 1072 382 1127 et
398 1072 491 1146 patet
506 1065 541 1126 iu
556 1083 653 1127 curas
669 1083 747 1127 area
762 1064 830 1127 lata
845 1084 946 1128 meas.
1284 1086 1316 1137 70

305 1175 546 1260 Quaecumque
571 1194 696 1258 aequor
718 1175 828 1252 habet,
855 1196 1085 1260 quaecumque
1111 1176 1257 1259 pericula

392 1288 500 1364 tellus,

348 1409 417 1464 tam
433 1401 554 1482 longae
569 1420 688 1463 causas
705 1400 857 1482 suspicor
872 1420 946 1465 esse
963 1422 1084 1465 morae.

306 1512 460 1576 Forsitan
476 1522 510 1576 et
525 1532 640 1577 narres
656 1532 755 1595 quam
772 1512 815 1576 sit
830 1512 889 1576 tibi
905 1514 1027 1577 rustica
1042 1515 1195 1590 coniunx,

349 1645 435 1708 quae
450 1633 581 1688 tantum
597 1624 693 1687 lanas
708 1645 776 1688 non
793 1624 880 1688 sinat
895 1645 970 1689 esse
986 1627 1086 1690 rudis.

306 1738 418 1801 Fallar
434 1745 467 1800 et
483 1736 546 1800 hoc
563 1735 687 1800 crimen
704 1737 813 1800 tenuis
829 1746 988 1801 vanescat
1004 1737 1037 1800 in
1054 1758 1161 1815 auras,
1284 1757 1315 1812 75

348 1869 433 1913 neve
450 1848 638 1912 revertendi
653 1848 870 1914 liberabesse
886 1851 978 1914 velis.

307 1963 364 2026 Me
381 1971 477 2044 pater
493 1959 619 2024 Icarius
635 1960 735 2024 viduo
751 1962 923 2026 discedere
930 1963 1025 2027 lecto

349 2073 487 2155 cogitet
502 2072 684 2137 immensas
699 2073 850 2156 increpat
866 2095 972 2157 usque
988 2095 1107 2138 moras.

306 2188 463 2268 Increpet
479 2205 584 2268 usque
603 2184 689 2250 licet.
736 2188 811 2250 Tua
827 2207 910 2263 sum,
927 2196 984 2251 tua
999 2188 1091 2252 dicar
1106 2196 1255 2270 oportet;

350 2299 518 2379 Penelope
534 2299 679 2362 coniunx
694 2318 827 2381 semper
843 2299 952 2365 Ulixis
967 2320 1033 2364 ero.
1281 2316 1315 2368 80

306 2412 368 2475 Ille
383 2421 496 2475 tamen
513 2410 637 2492 pietate
652 2430 728 2474 mea
744 2409 965 2495 precibusque
982 2412 1112 2495 pudicis

349 2524 516 2605 frangitur
531 2531 566 2586 et
581 2523 660 2587 viris
675 2531 842 2606 temperat
857 2522 929 2605 ipse
946 2544 1032 2588 suas.

306 2637 453 2700 Dulichii
470 2636 640 2719 Samiique
656 2646 689 2700 et
706 2656 790 2718 quos
806 2636 882 2699 tulit
897 2637 965 2700 alta
982 2636 1184 2722 Zacynthos,

347 2749 444 2812 turba
460 2759 561 2813 ruunt
576 2751 610 2811 in
628 2769 680 2812 me
697 2747 864 2811 luxuriosa
880 2749 982 2830 proci,

303 2861 404 2944 inque
420 2871 478 2924 tua
493 2870 637 2942 regnant
653 2860 752 2923 nullis
768 2860 1022 2942 prohibentibus
1038 2861 1131 2938 aula;
1282 2879 1314 2945 85

347 2973 474 3037 viscera
491 2957 615 3050 nostra,
632 2982 709 3036 tuae
726 2972 949 3037 dilacerantur
964 2993 1054 3055 opes,

199 3099 201 3103 ·
304 3085 395 3168 Quid
417 3086 478 3149 tibi
502 3085 699 3149 Pisandrum
724 3084 953 3171 Polybumque
979 3085 1204 3168 Medontaque

390 3197 498 3261 dirum

347 3310 618 3395 Eurymachique
635 3309 750 3373 avidas
767 3308 974 3392 Antinoique
990 3330 1110 3373 manus

302 3432 403 3505 atque
419 3423 502 3487 alios
517 3424 671 3499 referam,
690 3443 774 3506 quos
790 3422 898 3486 omnis
913 3422 1055 3503 turpiter
1071 3421 1194 3485 absens

345 3535 418 3618 ipse
434 3544 492 3599 tuo
509 3535 612 3618 partis
629 3535 795 3617 sanguine
811 3534 912 3598 rebus
928 3534 1011 3597 alis?
1281 3554 1314 3605 90

302 3649 378 3712 Irus
394 3668 497 3730 egens
514 3647 709 3731 pecorisque
726 3646 933 3710 Melanthius
949 3656 1041 3710 actor
1057 3646 1178 3709 edendi
1196 3697 1197 3704 ,

345 3760 480 3824 ultimus
496 3760 660 3823 accedunt
675 3761 709 3822 in
726 3768 784 3822 tua
800 3758 922 3821 damna
938 3757 1054 3840 pudor.
