2988 4388
643 349 817 410 CADMUS

248 535 397 598 infausto
411 537 552 617 tetigere
569 535 683 617 gradu,
702 535 913 617 demissaque
929 536 963 597 in
980 535 1087 599 undas

247 667 332 710 urna
348 646 440 712 dedit
455 647 610 724 sonitum,
627 648 728 729 longo
744 656 845 729 caput
861 647 978 726 extulit
993 657 1089 712 antro

248 759 420 824 caeruleus
436 780 575 842 serpens
591 759 822 842 horrendaque
838 759 934 823 sibila
950 760 1047 823 misit.

250 872 416 936 Effluxere
433 892 536 937 urnae
552 872 715 948 manibus,
733 871 936 955 sanguisque
952 872 1085 955 reliquit

190 1002 220 1049 40
248 1005 369 1067 corpus
385 994 419 1049 et
435 984 593 1050 attonitos
610 984 738 1048 subitus
754 993 878 1048 tremor
893 995 1036 1068 occupat
1051 995 1151 1050 artus.

251 1097 312 1160 Ille
326 1096 527 1161 volubilibus
543 1116 739 1180 squamosos
757 1097 896 1161 nexibus
912 1098 1001 1161 orbis

247 1218 388 1292 torquet,
405 1220 439 1274 et
453 1208 634 1273 immensos
650 1208 737 1272 saltu
754 1209 904 1273 sinuatur
920 1210 953 1273 in
970 1230 1067 1275 arcus
1090 1231 1097 1286 ;

248 1341 287 1385 ac
303 1321 412 1385 media
428 1323 503 1405 plus
520 1331 615 1404 parte
632 1321 713 1385 levis
729 1330 860 1385 erectus
876 1322 909 1385 in
925 1343 1023 1386 auras

248 1432 389 1516 despicit
404 1454 502 1498 omne
518 1454 645 1509 nemus,
661 1442 822 1516 tantoque
838 1443 889 1497 est
908 1454 1047 1516 corpore
1063 1445 1199 1518 quanto,

189 1563 221 1616 45
248 1546 276 1610 si
291 1555 397 1610 totum
414 1555 555 1629 spectes,
572 1546 723 1628 geminas
740 1546 796 1628 qui
812 1557 947 1628 separat
963 1548 1096 1612 Arctos.

249 1658 322 1721 Nec
339 1678 439 1722 mora.
480 1657 674 1735 Phoenicas,
693 1659 763 1722 sive
778 1657 825 1720 illi
840 1658 907 1722 tela
923 1659 1087 1741 parabant

248 1771 318 1834 sive
333 1771 460 1853 fugam,
478 1770 548 1834 sive
564 1770 636 1853 ipse
651 1770 750 1834 timor
765 1771 964 1853 prohibebat
979 1759 1165 1856 utrumque,

248 1891 408 1965 occupat;
432 1884 493 1946 hos
511 1903 630 1960 morsu,
649 1883 757 1966 longis
773 1884 980 1966 amplexibus
995 1885 1079 1962 illos,

249 1996 310 2059 hos
326 2004 425 2059 necat
440 1996 563 2060 adflata
578 1997 704 2060 funesti
721 1997 797 2059 tabe
812 1996 942 2060 veneni.

190 2127 221 2180 50
294 2108 435 2171 Fecerat
450 2107 588 2190 exiguas
604 2107 667 2170 iam
686 2108 736 2171 sol
751 2107 931 2172 altissimus
947 2108 1101 2187 umbras;

248 2240 334 2304 quae
350 2239 443 2284 mora
459 2219 501 2284 sit
517 2219 615 2284 sociis
631 2219 769 2283 miratur
785 2220 946 2302 Agenore
962 2230 1070 2299 natus,

247 2335 458 2416 vestigatque
473 2332 571 2396 viros.
605 2333 781 2414 Tegumen
798 2335 936 2417 derepta
953 2336 1057 2399 leonis

248 2446 344 2529 pellis
361 2455 440 2523 erat,
458 2447 561 2509 telum
579 2444 770 2527 splendenti
787 2446 903 2508 lancea
918 2446 1008 2510 ferro

248 2568 282 2622 et
297 2558 450 2634 iaculum,
466 2558 602 2640 teloque
618 2557 748 2620 animus
764 2557 985 2639 praestantior
1001 2560 1100 2621 omni.

192 2695 221 2749 55
249 2673 298 2736 Ut
313 2692 431 2735 nemus
447 2670 581 2736 intravit
597 2672 765 2752 letataque
781 2690 921 2752 corpora
936 2670 1028 2748 vidit,

248 2785 474 2867 victoremque
491 2804 592 2866 supra
608 2783 748 2866 spatiosi
763 2783 910 2864 corporis
927 2783 1057 2847 hostem

247 2896 355 2960 tristia
371 2896 556 2979 sanguinea
573 2895 775 2960 lambentem
792 2895 931 2959 vulnera
946 2895 1071 2978 lingua,

251 3010 352 3073 “Aut
367 3010 455 3073 ultor
469 3019 610 3085 vestrae,
629 3008 789 3072 fidissima
805 3028 954 3090 corpora,
972 3011 1096 3084 mortis

250 3131 307 3184 aut
339 3122 482 3199 comes,''
517 3120 633 3204 inquit,
670 3121 786 3184 “ero''
841 3121 941 3197 Dixit,
977 3121 1159 3204 dextraque

293 3234 452 3298 molarem

191 3345 223 3397 ⁶0
251 3345 383 3410 sustulit
399 3354 432 3409 et
448 3365 609 3427 magnum
625 3365 748 3428 magno
765 3345 939 3409 conamine
956 3345 1054 3410 misit.

251 3458 345 3522 Illius
360 3459 505 3540 impulsu
521 3478 596 3522 cum
612 3458 759 3521 turribus
775 3458 878 3521 ardua
894 3458 991 3522 celsis

251 3571 382 3635 moenia
398 3580 488 3633 mota
503 3571 632 3647 forent;
657 3589 795 3651 serpens
812 3570 884 3633 sine
899 3571 1036 3634 vulnere
1051 3571 1183 3647 mansit,

251 3683 439 3764 loricaeque
455 3682 554 3746 modo
571 3682 719 3765 squamis
736 3682 895 3745 defensus
908 3691 942 3744 et
958 3691 1049 3745 atrae

252 3795 373 3858 duritia
389 3795 485 3878 pellis
499 3795 626 3858 validos
643 3804 719 3858 cute
735 3794 880 3876 reppulit
895 3795 990 3858 ictus.
