2996 4384
471 325 698 385 HARDSHIPS
727 329 784 384 AT
814 329 927 386 ΤΟΜΙ
1103 337 1168 407 133

221 529 287 572 non
304 509 360 592 qui
376 510 508 586 soletur,
526 531 593 574 non
610 513 666 593 qui
683 512 829 575 labentia
845 512 939 575 tarde

264 630 416 703 tempora
431 623 598 686 narrando
615 624 719 700 fallat,
738 625 864 688 amicus
881 624 984 688 adest.

222 735 347 797 Lassus
363 734 397 796 in
414 737 568 798 extremis
584 735 676 800 iaceo
692 733 891 818 populisque
908 736 1063 818 locisque,
1187 740 1232 787 ms

263 856 296 910 et
312 846 401 910 subit
417 848 551 912 adfecto
567 869 655 911 nunc
672 849 753 911 mihi
769 849 925 931 quicquid
943 849 1046 912 abest.
1185 815 1254 935 ξ’

163 976 191 1029 15
220 959 343 1023 Omnia
359 980 434 1023 cum
451 961 602 1038 subeant,
618 962 724 1025 vincis
740 972 852 1025 tamen
868 961 988 1038 omnia,
1006 961 1157 1037 coniunx,
1186 965 1226 1048 ms

263 1081 296 1135 et
312 1073 388 1154 plus
404 1073 437 1134 in
454 1082 566 1136 nostro
583 1083 717 1154 pectore
734 1084 829 1156 parte
846 1084 949 1138 tenea.
1185 1036 1254 1084 m

219 1185 269 1247 Te
285 1185 401 1266 loquor
417 1184 599 1260 absentem,
617 1195 650 1249 te
664 1207 729 1248 vox
745 1206 819 1250 mea
835 1187 985 1249 nominat
1000 1206 1119 1261 unam;

263 1297 355 1358 nulla
369 1297 461 1360 venit
477 1298 548 1360 sine
564 1307 597 1360 te
613 1318 680 1360 nox
695 1299 784 1374 mihi,
801 1299 893 1360 nulla
909 1299 988 1361 dies.

222 1407 428 1489 Quinetiam
445 1410 491 1472 sic
508 1430 561 1473 me
576 1409 692 1473 dicunt
708 1410 817 1473 aliena
834 1410 981 1472 locutum

161 1548 192 1583 20
264 1530 300 1583 ut
315 1522 403 1584 foret
419 1523 543 1585 amenti
559 1542 681 1585 nomen
697 1523 730 1583 in
748 1507 804 1585 ore
821 1532 924 1585 tuum.

221 1633 337 1697 Silam
354 1634 515 1711 deficiam,
533 1655 781 1717 suppressaque
798 1636 912 1716 lingua
928 1636 1041 1716 palato

262 1747 315 1808 vix
332 1746 491 1809 instillato
506 1747 711 1810 restituenda
728 1768 827 1824 mer0,

219 1859 348 1921 nuntiet
364 1858 430 1921 huc
446 1859 564 1940 aliquis
580 1859 749 1921 dominam
766 1861 916 1936 venisse;
941 1880 1123 1941 resurgam,

263 1990 406 2052 spesque
422 1972 470 2034 tui
485 1971 580 2034 nobis
597 1992 700 2034 causa
713 1972 837 2052 vigoris
853 1973 923 2035 erit.

161 2107 174 2140 2
178 2105 191 2157 5
221 2082 312 2163 Ergo
328 2103 391 2164 ego
407 2104 479 2145 sum
496 2083 616 2146 dubius
632 2085 729 2160 vitae,
747 2094 783 2147 tu
800 2084 940 2169 forsitan
957 2085 1030 2147 istic

262 2195 442 2257 iucundum
459 2197 562 2258 nostri
578 2198 691 2260 nescia
707 2206 839 2279 tempus
856 2197 950 2279 agis?

220 2307 297 2369 Non
314 2307 395 2389 agis,
414 2308 561 2371 adfirmo.
610 2310 731 2390 Liquet
748 2309 819 2386 hoc,
838 2311 1016 2384 carissima,
1034 2309 1138 2385 nobis,

161 2503 168 2517 ι
263 2429 395 2501 tempus
411 2421 465 2502 agi
482 2422 553 2485 sine
569 2441 622 2484 me
638 2442 704 2483 non
721 2423 784 2484 nisi
800 2423 893 2485 triste
909 2411 977 2484 tibi.

161 2548 169 2564 ·
220 2532 256 2596 Si
272 2535 384 2596 tamen
401 2533 550 2615 implevit
566 2553 642 2595 mea
658 2554 728 2596 sors
746 2555 828 2616 quos
846 2534 960 2597 debuit
976 2553 1090 2609 annoS,

161 2667 192 2718 30
262 2655 296 2709 et
311 2646 392 2707 mihi
407 2646 540 2708 vivendi
556 2655 624 2708 tam
641 2647 705 2709 cito
722 2647 796 2710 finis
814 2647 916 2723 adest,

219 2767 379 2838 quantum
396 2766 476 2833 erat,
494 2778 513 2821 o
529 2759 652 2839 magni,
671 2757 829 2822 morituro
846 2779 992 2840 parcere,
1011 2757 1086 2834 divi,

263 2879 299 2932 ut
315 2870 432 2932 saltem
449 2870 557 2952 patria
572 2871 819 2934 contumularer
834 2870 958 2935 humo?

625 3081 762 3108 ...000-

295 3257 458 3329 XXXV.
497 3257 810 3328 HARDSHIPS
837 3256 911 3327 AT
939 3256 1115 3327 ΤΟΜΙ·

219 3431 267 3495 At
283 3453 359 3496 cum
375 3432 478 3499 tristis
494 3433 600 3497 hiems
616 3432 802 3516 squalentia
818 3431 954 3514 protulit
970 3452 1036 3509 ora,

261 3555 416 3628 terraque
433 3535 617 3610 marmoreo
633 3546 775 3610 candida
791 3545 881 3609 lacta
896 3546 974 3627 gelu
991 3555 1050 3622 est,

219 3658 297 3721 dum
314 3669 405 3723 vetat
421 3669 454 3723 et
472 3661 596 3723 Boreas
612 3668 645 3722 et
661 3659 716 3721 nix
732 3658 882 3721 habitare
898 3658 960 3721 sub
978 3658 1092 3734 Arcto,

263 3780 333 3834 tum
350 3772 453 3854 liquet
469 3773 530 3834 has
546 3773 654 3853 gentis
672 3791 732 3833 axe
749 3780 913 3834 tremente
930 3770 1046 3852 premi.
