2988 4388
456 291 581 347 onnus
611 291 699 347 Aru)
731 293 981 350 ruossnruun
1150 281 1194 371 63

246 471 333 534 hanc
349 473 456 536 habeo
473 473 605 550 sedem;
631 495 729 555 quam
747 485 792 550 tu,
810 476 992 552 mitissima,
1011 495 1115 539 serva.

248 585 343 646 Mota
359 586 431 647 loco
447 606 506 648 eur
522 585 583 647 sirn
600 586 749 668 tantique
766 608 825 667 per
842 589 994 669 aequoris
1011 588 1117 651 undas

245 696 391 759 advehar
408 697 593 781 Ortygiam,
610 698 721 762 veniet
738 698 925 762 narratibus
942 701 1023 763 hora

243 810 444 889 tempestiva
459 811 550 886 meis,
569 831 644 873 curn
660 820 696 872 tu
713 831 859 892 curaque
876 812 986 875 levata

188 939 231 990 ¹45
243 930 276 983 et
291 922 403 984 vultus
420 923 564 985 melioris
580 923 653 986 eris.
702 923 787 985 Mihi
805 925 919 1004 pervia
934 925 1033 989 tellus

243 1032 381 1114 praebet
396 1035 466 1110 iter,
485 1035 663 1117 subterque
679 1035 762 1098 imas
778 1036 890 1099 ablata
905 1057 1065 1100 cavernas

243 1145 296 1207 hic
312 1156 413 1227 caput
429 1147 543 1209 attollo
559 1148 763 1229 desuetaque
779 1148 887 1212 sidera
903 1169 1011 1213 cerno.

244 1258 335 1339 Ergo
351 1258 430 1320 dum
449 1259 567 1342 Stygio
583 1260 644 1321 sub
660 1260 756 1323 terris
772 1261 905 1342 gurgite
921 1262 1023 1337 labor,

241 1371 312 1432 visa
329 1380 385 1433 tua
401 1377 453 1434 est
468 1371 572 1434 oculis
588 1372 654 1434 illic
673 1373 872 1453 Proserpina
888 1374 1026 1450 nostris;

186 1503 231 1556 150
242 1482 298 1544 illa
314 1483 447 1564 quidem
465 1483 567 1546 tristis
583 1504 692 1566 neque
709 1485 818 1547 adhuc
835 1485 984 1549 interrita
1000 1486 1103 1562 vultu,

242 1595 301 1657 sed
317 1596 440 1675 regina.
449 1605 571 1671 tamen,
589 1587 646 1658 sed
665 1598 760 1677 opaci
776 1599 919 1659 maxima
935 1598 1059 1674 mundi,

242 1707 301 1770 sed
317 1716 430 1770 tamen
446 1708 570 1770 inferni
586 1709 716 1789 pollens
733 1718 883 1772 matrona
899 1711 1063 1794 tyranni.'’

288 1821 399 1882 Mater
415 1820 457 1882 ad
474 1819 604 1883 auditas
621 1823 748 1902 stupuit
763 1842 824 1884 ceu
840 1842 939 1885 saxea
954 1843 1062 1898 voces

242 1932 469 2015 attonitaeque
485 1933 541 1995 diu
558 1933 672 1996 similis
688 1934 760 1996 fuit.
809 1935 924 2016 thue
939 1935 1052 1998 dolore

186 2060 231 2114 155
243 2044 340 2125 pulsa
355 2045 450 2126 gravi
466 2047 576 2126 gravis
592 2055 643 2109 est
658 2047 813 2122 amentia,
831 2047 981 2109 curribus
997 2067 1095 2110 auras

242 2157 309 2220 exit
324 2156 358 2219 in
375 2158 548 2240 aetherias.
598 2157 649 2220 lbi
665 2167 734 2220 toto
750 2158 863 2220 nubila
878 2159 972 2221 vultu

244 2278 321 2332 ante
340 2270 453 2333 Iovem
472 2270 580 2350 passis
598 2269 689 2332 stetit
704 2269 866 2332 invidiosa
883 2271 1021 2350 capillis,

246 2386 264 2413 “
274 2401 335 2462 pro
346 2382 363 2406 ”
375 2402 439 2464 que
451 2387 469 2413 “
479 2403 554 2445 meo
564 2383 641 2445 veni
653 2383 794 2464 supplex
804 2382 873 2458 tibi,
886 2383 1068 2464 luppiter,''
1080 2383 1195 2465 inquit,
1215 2398 1289 2447 ceres

246 2495 438 2574 “sanguine
455 2514 581 2575 proque
600 2503 666 2557 tuo.
715 2494 751 2558 Si
770 2495 861 2556 nulla
879 2504 930 2556 est
949 2495 1057 2575 gratia
1072 2496 1195 2571 matris
1214 2486 1293 2595 ἔξω
1305 2527 1309 2530 “

186 2614 233 2664 160
244 2614 324 2668 nata
340 2615 469 2686 patrem
485 2615 626 2669 moveat.
671 2607 748 2668 Neu
764 2606 805 2668 sit
820 2606 880 2668 tibi
896 2627 984 2682 cura,
995 2625 1185 2688 precamur,
1213 2623 1275 2683 Jove

244 2717 338 2781 vilior
354 2717 449 2794 illius,
467 2719 556 2800 quod
572 2728 685 2781 nostro
702 2728 753 2781 est
769 2719 859 2781 edita
874 2728 981 2798 partu.

121 2843 123 2848 ’
170 2897 171 2900 ¹
246 2831 298 2892 En
315 2830 465 2911 quaesita
481 2831 536 2892 diu
552 2831 686 2894 tandern
704 2830 785 2893 mihi
801 2840 880 2893 nata
894 2840 1027 2912 reperta
1042 2842 1111 2910 est;

171 2973 190 3011 .·
245 2943 272 3004 si
288 2941 433 3023 reperire
448 2963 549 3005 vocas
565 2944 716 3005 amittere
733 2943 865 3018 certius,
883 2953 940 3005 aut
956 2945 983 3005 si
1169 2931 1171 2936 ¹

162 3057 171 3132 f
245 3053 328 3116 scire
342 3054 398 3116 ubi
414 3056 464 3130 sit,
482 3055 627 3137 reperire
642 3075 752 3118 vocas.
804 3055 903 3137 Quod
920 3064 1025 3136 rapta,
1038 3056 1195 3133 feremus,
1305 3044 1307 3054 ’

188 3179 233 3246 165
245 3166 324 3228 dum
335 3167 433 3229 modo
444 3166 560 3230 reddat
569 3188 652 3230 eam.
673 3167 791 3248 Neque
802 3169 889 3229 enirn
901 3168 1069 3248 praedone
1079 3171 1197 3232 marito

245 3278 312 3340 filia
328 3278 430 3360 digna
446 3287 504 3341 tua
519 3289 579 3355 est,
600 3279 628 3342 si
643 3279 707 3342 iarn
724 3300 799 3342 mea
815 3280 881 3342 filia
895 3300 963 3342 non
979 3281 1061 3344 est.''

290 3391 442 3472 Iuppiter
453 3392 592 3473 excepit,
607 3396 625 3423 “
637 3393 820 3456 Commune
837 3401 887 3454 est
906 3393 1029 3473 pignus
1046 3410 1197 3475 onusque

217 3559 221 3564 .
245 3483 324 3565 nata
340 3504 420 3565 mihi
436 3512 562 3580 tecum;
588 3504 647 3566 sed
663 3503 691 3566 si
707 3504 806 3566 modo
823 3504 958 3566 nomina
973 3504 1073 3568 rebus

246 3616 370 3678 addere
385 3636 464 3678 vera
480 3617 599 3697 placet,
617 3637 684 3679 non
701 3617 763 3679 hoc
780 3617 900 3678 iniuria
915 3617 1069 3694 lactums

191 3750 234 3794 170
246 3747 361 3789 verum
374 3747 466 3789 amor
478 3738 537 3791 est.
575 3729 694 3811 Neque
704 3729 766 3791 erit
777 3729 873 3791 nobis
886 3748 989 3810 gener
1000 3729 1056 3792 ille
1068 3731 1193 3811 pudori,
