2996 4384
484 354 572 412 THE
602 354 743 414 HOUSE
774 357 826 415 OF
855 358 967 416 FAME
1131 370 1193 420 101

248 535 395 618 poscitur
413 557 590 620 aequoreo.
635 538 746 622 Quam
763 539 846 604 dura
861 541 904 604 ad
920 562 1000 606 saxa
1015 542 1198 628 revinctam

190 679 221 716 20
247 648 394 712 vindicat
409 649 557 725 Alcides,
574 651 804 735 promissaque
821 673 969 731 munera,
987 655 1094 719 dictos

247 763 354 843 poscit
370 783 482 845 equos
530 763 697 846 Tantique
713 765 824 847 operis
841 767 995 832 mercede
1011 778 1142 852 negata,
1190 797 1192 800 ·

245 874 297 938 bis
313 874 445 955 periura
461 874 550 957 capit
566 885 741 959 superatae
758 880 889 944 moenia
904 880 1033 946 Troiae.

248 987 320 1050 Nec
337 1007 415 1068 pars
431 987 575 1065 militiae,
592 989 764 1068 Telamon,
783 991 855 1057 sine
871 995 998 1059 honore
1013 997 1160 1074 recessit,

248 1100 464 1182 Hesioneque
481 1099 559 1164 data
575 1101 709 1184 potitur.
758 1105 847 1169 Nam
863 1107 1006 1191 coniuge
1022 1108 1140 1173 Peleus

188 1243 218 1296 ²5
245 1212 353 1274 clarus
369 1220 440 1275 erat
455 1212 541 1289 diva,
559 1233 667 1297 neque
683 1217 738 1280 avi
756 1218 863 1300 magis
878 1221 934 1284 ille
950 1221 1101 1304 superbit

245 1323 378 1388 nomine
395 1343 494 1407 quam
513 1327 638 1404 soceri;
663 1329 828 1411 siquidem
846 1330 937 1394 lovis
952 1350 1026 1396 esse
1042 1335 1157 1417 nepoti

245 1436 385 1519 contigit
401 1436 489 1500 haud
505 1438 572 1514 uni,
590 1439 733 1522 coniunx
751 1440 814 1504 dea
828 1442 969 1527 contigit
984 1445 1049 1509 uni.
1069 1525 1075 1532 .

652 1666 788 1693 dot—-

334 1827 444 1900 xxi.
481 1827 601 1899 THE
632 1800 820 1901 uousu
850 1828 920 1899 oa
951 1827 1106 1900 unua

289 2003 380 2068 Orbe
397 2003 488 2069 locus
504 2004 614 2070 medio
631 2014 682 2069 est
697 2006 784 2068 inter
800 2013 972 2088 terrasque
988 2005 1180 2088 fretumque
1214 2008 1270 2057 sito

245 2115 463 2200 caelestisque
479 2118 607 2201 plagas,
625 2089 764 2200 triplicis
780 2116 924 2182 confinia
939 2117 1063 2195 mundi,
1213 2083 1259 2207 ff„

245 2228 333 2298 unde
349 2229 438 2312 quod
454 2240 506 2294 est
521 2251 671 2314 usquam,
692 2232 844 2314 quamvis
861 2225 1052 2313 regionibus
1068 2230 1166 2310 absit,
1213 2233 1346 2295 firmine

245 2350 425 2433 inspicitur,
444 2361 664 2436 penetratque
684 2371 784 2415 cavas
800 2372 864 2415 vox
880 2350 987 2415 omnis
1001 2351 1045 2414 ad
1061 2350 1157 2416 auris
1214 2309 1376 2444 ffimgm

196 2484 216 2537 -5
246 2463 351 2527 Fama
366 2473 459 2529 tenet
474 2485 672 2548 summaque
689 2465 826 2529 domum
843 2463 905 2527 sibi
921 2463 1001 2546 legit
1016 2463 1049 2526 in
1065 2483 1152 2541 arce,
1213 2457 1297 2506 ¹³⁰¹*

245 2574 502 2660 innumerosque
518 2577 628 2641 aditus
648 2581 688 2642 a'c
703 2577 792 2641 mille
809 2574 975 2640 foramina
989 2575 1086 2641 tectis

245 2688 380 2766 addidit,
397 2698 431 2753 et
446 2690 546 2753 nullis
562 2690 694 2754 inclusit
712 2689 827 2753 limina
843 2688 958 2771 portis.

246 2800 354 2866 Nocte
370 2802 489 2886 dieque
505 2812 607 2887 patet.
656 2804 744 2868 Tota
759 2811 810 2867 est
826 2823 867 2866 ex
882 2821 959 2866 aere
975 2802 1123 2879 sonanti;

244 2923 314 2978 tota
330 2914 443 2978 fremit
457 2936 623 2999 vocesque
639 2916 753 2992 refert,
772 2914 937 2997 iteratque
953 2914 1042 2998 quod
1059 2914 1161 2979 audit.

188 3057 218 3094 10
246 3026 348 3090 Nulla
364 3029 457 3110 quies
473 3031 571 3106 intus,
589 3029 746 3112 nullaque
765 3026 897 3094 silentia
913 3036 1018 3111 parte.

246 3139 318 3204 Nec
333 3149 446 3205 tamen
462 3151 513 3205 est
528 3142 661 3218 clamor,
679 3142 738 3207 sed
760 3161 883 3225 parvae
902 3160 1072 3203 murmura
1086 3139 1186 3217 vocis,

245 3252 355 3333 qualia
369 3253 410 3317 de
427 3255 547 3337 pelagi,
565 3256 592 3318 si
609 3254 684 3338 quis
700 3255 816 3338 procul
833 3252 954 3330 audiat,
973 3252 1070 3317 undis

217 3389 225 3410 ⁴
244 3383 318 3428 esse
334 3366 443 3429 solent
453 3387 461 3444 ;
486 3368 660 3449 qualemve
677 3387 806 3444 sonum,
823 3387 898 3431 cum
916 3367 1071 3450 Iuppiter
1085 3374 1175 3431 atras

147 3491 150 3498 ·
245 3475 409 3559 increpuit
425 3479 533 3555 nubis,
550 3490 699 3544 extrema
714 3480 861 3544 tonitrua
878 3478 1030 3542 reddunt.

189 3623 218 3677 ¹5
289 3590 386 3653 Atria
402 3591 499 3655 turba
511 3600 621 3668 tenet;
644 3591 791 3670 veniunt,
803 3593 875 3655 leve
889 3592 1019 3673 vulgus,
1031 3600 1196 3676 euntque;

246 3700 413 3784 mixtaque
429 3723 504 3767 cum
520 3705 607 3768 veris
624 3704 748 3786 passim
765 3712 954 3768 commenta
969 3695 1137 3786 uagantur

246 3813 335 3876 milia
351 3835 530 3892 rumorum,
547 3817 755 3899 confusaque
771 3817 873 3880 verba
888 3816 1049 3880 volutant.
