2988 4388
631 314 757 371 NIOBE

155 521 202 557 100
215 498 414 578 Ingemuere
431 496 537 572 simul,
555 497 652 559 simul
669 496 841 560 incurvata
857 497 970 560 dolore
995 530 998 541 ,
1109 531 1112 557 ς

213 609 363 672 membra
379 609 448 672 solo
465 629 616 690 posuere,
634 610 732 672 simul
748 630 905 691 suprema
920 609 1065 672 iacentes
1161 668 1164 673 .

213 723 338 784 lumina
354 730 538 798 versarunt,
556 720 701 784 animam
719 721 816 784 simul
831 722 1036 785 exhalarunt.

213 834 347 915 Aspicit
364 834 550 915 Alphenor,
569 834 759 916 laniataque
775 843 912 916 pectora
928 835 1093 915 plangens

213 947 356 1022 advolat,
374 955 411 1009 ut
426 947 555 1028 gelidos
571 947 799 1029 complexibus
816 948 947 1010 adlevet
963 957 1063 1022 artus,

156 1077 201 1130 105
213 1059 313 1142 inque
330 1059 385 1141 pio
402 1061 490 1122 cadit
506 1059 622 1123 officio.
676 1061 764 1122 Nam
783 1061 900 1123 Delius
916 1059 963 1122 illi

212 1172 329 1234 intima
345 1171 481 1235 fatifero
498 1173 588 1253 rupit
604 1172 797 1253 praecordia
812 1173 911 1235 terro.
1012 1229 1014 1232 .

214 1285 314 1366 Quod
328 1285 426 1347 simul
437 1285 595 1347 eductum
608 1295 667 1361 est,
680 1305 758 1369 pars
771 1295 822 1348 est
835 1285 1001 1366 pulmonis
1013 1284 1047 1345 in
1060 1284 1164 1346 hamis

213 1406 316 1472 eruta,
334 1417 476 1479 cumque
493 1397 604 1459 anima
621 1418 716 1460 cruor
732 1408 782 1461 est
798 1397 927 1461 effusus
942 1398 976 1458 in
993 1417 1098 1458 auras

214 1509 262 1606 At
278 1531 345 1572 non
361 1509 529 1573 intonsum
548 1502 696 1591 simplex
706 1510 992 1572 Damasichthona
1007 1510 1128 1571 vulnus

157 1651 203 1686 110
214 1623 334 1684 adiicit.
384 1617 476 1685 lctus
492 1631 563 1685 erat
579 1643 646 1704 qua
662 1643 737 1684 crus
753 1643 828 1685 esse
843 1621 968 1703 incipit,
986 1631 1019 1684 et
1035 1641 1101 1703 qua

214 1734 325 1798 mollia
341 1754 502 1797 nervosus
520 1735 602 1798 facit
618 1735 803 1798 internodia
819 1735 947 1816 poples.

186 1885 189 1892 ›
216 1848 373 1928 Dumque
390 1867 490 1909 manu
507 1856 650 1928 temptat
666 1849 799 1910 trahere
815 1846 979 1909 exitiabile
994 1847 1106 1921 telum,

214 1959 318 2021 altera
334 1980 393 2040 per
410 1958 560 2040 iugulum
577 1960 697 2040 pennis
714 1969 811 2022 tenus
828 1969 903 2021 acta
919 1959 1041 2040 sagitta
1056 1968 1116 2021 est.

216 2071 353 2152 Expulit
369 2072 455 2134 hanc
473 2072 619 2152 sanguis,
639 2091 740 2153 seque
757 2071 939 2133 eiaculatus
954 2070 987 2132 in
1004 2071 1106 2132 altum

159 2204 203 2258 115
215 2183 334 2246 emicat
350 2192 384 2246 et
399 2185 498 2265 longe
515 2183 682 2246 terebrata
697 2184 827 2266 ¹prosilit
842 2203 930 2246 aura.

215 2295 362 2367 Ultimus
381 2295 527 2358 Ilioneus
543 2316 610 2358 non
628 2297 820 2378 proiectura
837 2295 1004 2376 precando

214 2405 375 2470 bracchia
397 2409 585 2481 sustulerat,
620 2408 723 2470 “Di'’
752 2425 816 2488 que
854 2407 911 2470 “O
947 2409 1166 2470 communiter
1182 2427 1291 2474 monens

302 2521 448 2593 omnes,''
1182 2513 1262 2623 ἔγ*

214 2631 350 2706 dixerat,
368 2632 504 2712 ignarus
521 2653 587 2694 non
605 2635 711 2694 omnis
727 2652 801 2695 esse
817 2633 992 2713 rogandos,
1182 2651 1236 2696 rate

216 2747 234 2774 ‘⁴
246 2743 371 2824 parcite
383 2745 389 2805 l
402 2745 419 2768 ''
461 2745 576 2807 Motus
592 2755 671 2820 erat,
689 2765 763 2807 curn
781 2745 845 2807 iam
862 2744 1047 2820 revocabile
1062 2745 1165 2806 telum

160 2874 281 2917 12011011
298 2856 370 2931 luit,
389 2856 599 2919 Arcitenens.
650 2857 790 2920 Minimo
806 2865 918 2919 tamen
936 2856 1057 2919 occidit
1071 2856 1125 2919 ille

214 2967 360 3043 vulnere,
378 2989 444 3031 non
462 2969 528 3031 alte
544 2990 701 3050 percusso
718 2971 816 3032 corde
834 2969 964 3050 sagitta.
1085 3040 1088 3046 ,

232 3153 234 3156 .
260 3080 364 3141 Fama
380 3080 458 3142 mali
474 3082 655 3163 populique
671 3082 764 3144 dolor
780 3082 1001 3162 lacrimaeque
1018 3101 1152 3144 suorum

214 3200 281 3252 tarn
299 3191 427 3255 subitae
444 3203 583 3255 matrem
600 3203 723 3256 certam
740 3194 851 3286 fecere
867 3196 982 3256 ruinae

215 3302 389 3366 mirantem
407 3305 564 3385 potuisse,
582 3307 847 3388 irascentemque
865 3307 954 3388 quod
972 3306 1044 3368 ausi

158 3442 202 3495 125
215 3416 277 3478 hoc
294 3427 406 3479 essent
423 3417 542 3498 superi,
562 3419 650 3499 quod
667 3428 796 3481 tantum
814 3419 892 3481 iuris
909 3419 1078 3482 haberent.

216 3529 304 3590 Nam
321 3540 417 3610 pater
433 3530 606 3612 Amphion
624 3532 711 3594 terro
728 3552 787 3613 per
803 3541 920 3611 pectus
937 3532 1055 3594 adacto

214 3641 344 3703 finierat
360 3644 504 3705 moriens
521 3645 645 3723 pariter
660 3664 735 3705 cum
752 3645 825 3706 luce
842 3644 998 3706 dolorem.

217 3753 295 3814 Heu
312 3764 474 3834 quantum
491 3755 573 3816 haec
592 3755 700 3818 Niobe
718 3755 825 3818 Niobe
842 3755 986 3818 distabat
1002 3755 1044 3817 ab
1060 3755 1116 3817 illa
