2996 4384
464 304 681 364 DAEDALUS
711 306 800 364 AND
829 307 978 366 ICARUS
1149 303 1189 368 81

241 488 374 553 clausus
391 485 470 552 'erat
494 490 623 572 pelago.
680 492 831 554 “Terras
856 491 963 569 licet,''
989 493 1104 575 inquit,
1133 500 1194 558 “et

328 601 435 665 undas

241 714 400 790 obstruat,
418 723 452 777 at
467 714 597 778 caelum
612 724 701 780 certe
718 724 829 798 patet3
854 716 973 781 ibimus
989 717 1073 782 illac.

201 853 214 906 5
241 827 365 891 Omnia
382 829 560 909 possideat,
577 849 644 890 non
662 829 810 911 possidet
826 836 903 892 ae'ra
921 829 1064 894 Minos.’'
1208 829 1335 915 Daedalus
1405 865 1410 874 ·

241 940 341 1003 Dixit.
390 941 435 1004 Et
450 941 582 1023 ignotas
598 941 744 1004 animum
761 942 896 1006 dimittit
911 943 945 1005 in
962 943 1051 1019 artis,
1208 903 1324 1039 33:3¹⁸

240 1063 459 1136 naturamque
475 1064 585 1117 novat.
635 1056 722 1117 Nam
739 1054 834 1136 ponit
849 1057 883 1117 in
900 1056 1014 1119 ordine
1031 1077 1168 1138 pennas,

240 1186 260 1228 a
275 1166 411 1228 minima
427 1176 571 1247 coeptas,
589 1166 723 1248 longam
740 1166 889 1230 breviore
906 1170 1066 1250 sequenti,

240 1287 277 1340 ut
292 1277 376 1341 clivo
392 1278 536 1341 crevisse
554 1288 660 1360 putes
709 1277 764 1343 Sic
780 1279 903 1342 rustica
918 1280 1087 1361 quondam

147 1476 159 1479 =
183 1420 214 1456 ro
240 1379 350 1453 fistula
366 1390 554 1471 disparibus
570 1391 731 1471 paulatim
748 1391 855 1472 surgit
871 1392 993 1455 avenis.

240 1504 326 1566 Tum
343 1502 410 1565 lino
427 1502 553 1566 medias
569 1511 602 1565 et
618 1505 702 1566 ceris
718 1503 842 1585 adligat
858 1496 951 1579 imas,
1052 1505 1055 1508 ’

200 1665 202 1668 .
240 1624 341 1696 atque
357 1615 403 1677 ita
419 1616 621 1696 compositas
637 1636 741 1696 parvo
758 1615 948 1690 curvamine
964 1616 1077 1696 flectit,

240 1737 277 1790 ut
292 1748 390 1804 veras
403 1727 550 1790 imitetur
565 1726 644 1789 avis.
693 1729 778 1790 Puer
795 1706 909 1791 Icarus
925 1749 992 1791 una

240 1840 350 1903 stabat
365 1850 407 1917 et,
424 1840 560 1922 ignarus
578 1860 637 1902 sua
654 1861 689 1903 se
706 1849 848 1904 tractare
865 1841 998 1922 pericla,

183 1986 212 2039 15
239 1973 296 2015 ore
312 1951 477 2015 renidenti
493 1953 591 2015 modo
607 1974 691 2034 quas
707 1973 793 2035 vaga
810 1962 958 2016 moverat
973 1975 1054 2018 aura

240 2065 398 2146 captabat
414 2065 555 2146 plumas,
572 2066 692 2128 flavam
709 2065 808 2128 modo
825 2065 943 2147 pollice
960 2086 1070 2130 ceram

240 2177 397 2254 mollibat,
415 2171 554 2259 lusu'que
571 2197 631 2240 suo
648 2177 796 2241 mirabile
813 2178 916 2258 patris
998 2207 1000 2210 ·
1060 2191 1062 2196 '

239 2288 443 2371 impediebat
461 2311 556 2372 opus.
605 2291 784 2372 Postquam
804 2310 922 2353 manus
941 2291 1056 2354 ultima
1071 2299 1190 2372 coepto

239 2401 396 2483 imposita
411 2411 470 2478 est,
488 2401 640 2484 geminas
656 2402 771 2484 opifex
786 2402 917 2466 libravit
932 2404 966 2465 in
979 2403 1050 2466 alas
1087 2485 1088 2488 Ἴ

181 2548 213 2583 20
239 2513 312 2596 ipse
328 2534 423 2576 suum
441 2534 572 2596 corpus,
590 2524 746 2596 motaque
762 2514 922 2596 pependit
937 2514 971 2604 in
988 2535 1076 2578 aura.

284 2625 423 2712 Instruit
434 2635 468 2689 et
479 2636 604 2702 natum,
617 2631 635 2658 “
647 2626 759 2690 Medio
770 2626 787 2650 ''
802 2646 867 2708 que
881 2631 943 2690 “ut
955 2627 1057 2690 limite
1067 2647 1189 2704 curras,
1208 2642 1244 2687 fle

1208 2727 1293 2763 warns

241 2738 367 2814 Icare,''
385 2737 439 2814 ait,
459 2743 617 2814 “mone0‚
635 2759 686 2814 ne,
705 2740 731 2802 si
748 2739 921 2803 demissior
936 2739 1007 2816 ibis,
1208 2791 1293 2839 ,mus

239 2850 330 2914 unda
346 2860 462 2932 gravet
478 2871 627 2933 pennas;
653 2853 680 2914 si
697 2851 823 2929 celsior,
840 2851 929 2934 ignIs
945 2841 1071 2916 adurat.

241 2965 334 3040 Inter
349 2972 527 3046 utrumque
542 2964 626 3027 vola.
676 2966 747 3027 Nec
763 2974 797 3028 te
813 2975 965 3047 spectare
984 2967 1111 3028 Booten

183 3108 213 3163 25
240 3084 298 3139 aut
315 3076 457 3140 Helicen
474 3076 572 3140 iubeo
588 3075 803 3159 strictumque
823 3077 959 3142 Orionis
974 3098 1098 3141 ensem.

243 3188 300 3251 Me
316 3189 400 3252 duce
417 3210 517 3271 carpe
533 3188 652 3252 viam.''
700 3189 825 3252 Pariter
842 3199 1022 3271 praecepta
1037 3190 1173 3252 volandi

241 3301 340 3364 tradit
356 3311 390 3365 et
405 3301 537 3384 ignotas
553 3301 675 3365 umeris
692 3288 920 3364 accommodat
937 3302 1015 3364 alas

244 3413 336 3476 Inter
351 3435 436 3494 opus
452 3412 662 3496 monitusque
678 3434 786 3495 genae
803 3414 960 3477 maduere
977 3414 1097 3478 seniles

242 3534 276 3587 et
292 3527 418 3606 patriae
430 3535 595 3589 tremuere
613 3546 740 3589 manus.
789 3526 892 3592 Dedit
908 3527 1022 3590 oscula
1038 3537 1117 3590 nato

184 3668 217 3719 30
243 3658 309 3700 non
326 3639 444 3700 iterum
460 3638 642 3719 repetenda
658 3659 727 3701 suo.
776 3637 964 3720 Pennisque
981 3639 1110 3702 levatus
1210 3651 1284 3713 they

244 3751 426 3812 antevolat
443 3751 620 3832 comitique
636 3751 738 3826 timet,
756 3751 847 3813 velut
863 3751 932 3814 ales
948 3751 990 3814 ab
1007 3753 1074 3816 alto
1210 3725 1249 3786 ny

408 3865 425 3900 G
