2988 4388
612 323 786 381 CADMUS

177 511 209 561 80
237 507 353 583 fertur,
371 516 405 570 et
421 506 585 570 obstantis
601 507 775 590 proturbat
791 517 926 591 pectore
943 509 1052 572 silvas.

219 629 222 638 '
281 620 378 683 Cedit
394 619 606 700 Agenorides
622 619 767 701 paulum,
785 620 959 703 spolioque
975 620 1080 684 leonis

237 732 379 794 sustinet
393 732 556 807 incursus,
573 730 799 814 instantiaque
815 753 874 795 ora
889 733 1036 796 retardat

236 843 375 924 cuspide
391 852 575 925 praetenta.
619 844 714 907 Furit
729 844 784 908 ille
800 854 833 908 et
848 844 960 908 inania
976 846 1059 910 duro

236 957 375 1038 vulnera
391 956 449 1019 dat
464 956 563 1032 ferro,
581 956 718 1039 figitque
734 957 767 1019 in
784 958 937 1022 acumine
954 959 1072 1022 dentis.

178 1075 206 1138 85
239 1069 378 1150 Iamque
393 1067 588 1132 venenifero
605 1071 742 1150 sanguis
758 1090 894 1134 manare
910 1072 1022 1152 palato

237 1189 394 1262 coeperat
408 1189 442 1244 et
458 1179 571 1244 viridis
587 1181 765 1263 aspergine
781 1182 925 1266 tinxerat
940 1183 1080 1260 herbas;

237 1293 297 1357 sed
313 1293 385 1357 leve
400 1293 522 1355 vulnus
538 1302 619 1369 erat,
637 1293 715 1376 quia
731 1314 767 1357 se
783 1295 974 1359 retrahebat
989 1296 1031 1359 ab
1047 1296 1115 1359 ictu

237 1406 393 1488 laesaque
409 1403 494 1468 colla
509 1404 610 1468 dabat
627 1415 714 1469 retro
730 1407 931 1490 plagamque
947 1408 1063 1473 sedere

238 1520 387 1584 cedendo
404 1519 539 1583 arcebat
555 1540 617 1584 nec
632 1521 765 1603 longius
781 1520 828 1584 ire
844 1520 983 1598 sinebat,

177 1654 210 1704 90
238 1633 344 1696 donec
362 1631 574 1714 Agenorides
593 1632 780 1698 coniectum
796 1635 830 1696 in
846 1642 982 1716 guttura
997 1634 1123 1697 ferrum

238 1765 344 1828 usque
360 1765 505 1827 sequeus
523 1746 652 1828 pressit,
672 1747 751 1810 dum
768 1755 856 1810 retro
872 1766 1014 1829 quercus
1030 1748 1122 1811 eunti

238 1857 373 1934 obstitit,
390 1867 424 1922 et
442 1859 505 1921 fixa
520 1868 572 1922 est
587 1858 711 1941 pariter
727 1879 802 1923 cum
819 1859 937 1924 robore
952 1859 1071 1923 cervix.

239 1972 389 2036 Pondere
405 1974 571 2054 serpentis
586 1981 723 2036 curvata
738 1981 790 2036 est
806 1971 905 2035 arbor
919 1982 953 2035 et
968 1972 1035 2035 ima

238 2094 333 2167 parte
350 2084 512 2167 flagellari
528 2086 655 2168 gemuit
671 2105 731 2148 sua
747 2084 866 2148 robora
882 2084 1016 2147 caudae.

179 2208 209 2262 95
284 2198 374 2260 Dum
391 2198 535 2281 spatium
552 2201 657 2262 victor
671 2197 750 2261 victi
766 2196 954 2261 considerat
970 2196 1083 2272 hostis,

237 2330 301 2373 vox
331 2310 440 2374 subito
474 2310 587 2373 audita
620 2319 679 2374 est.
736 2310 856 2392 Neque
886 2318 958 2373 erat
988 2326 1295 2392 cognosceremur„

325 2432 517 2505 promptum

238 2534 335 2610 unde,
364 2535 423 2597 sed
446 2533 559 2597 audita
581 2543 652 2598 est:
684 2538 703 2566 ‘⁴
714 2533 813 2616 Quid,
831 2534 990 2616 Agenore
1012 2542 1099 2610 nate,
1120 2554 1191 2616 per·
1208 2550 1316 2598 cadmus

325 2656 475 2729 emptum

239 2767 429 2840 serpentem
446 2759 603 2841 spectas?
638 2760 681 2822 Et
697 2768 735 2822 tu
751 2758 947 2841 spectabere
965 2759 1135 2841 serpens.”
1252 2755 1255 2771 '

240 2872 301 2935 llle
317 2871 373 2934 diu
390 2871 532 2953 pavidus
547 2872 671 2954 pariter
687 2880 763 2934 cum
781 2880 893 2936 mente
908 2872 1053 2936 colorem

181 3010 227 3046 100
238 2984 437 3065 perdiderat,
455 2984 633 3067 gelidoque
649 3004 765 3048 comae
780 2993 907 3048 terrore
922 2984 1085 3066 rigebant.

240 3097 328 3160 Ecce
343 3096 406 3160 viri
420 3097 544 3160 fautrix
559 3117 698 3179 superas
714 3096 852 3179 delapsa
868 3117 928 3178 per
943 3116 1041 3160 auras

240 3210 348 3273 Pallas
364 3209 460 3273 adest
476 3219 653 3292 motaeque
668 3209 761 3273 iubet
778 3225 968 3291 supponere
984 3217 1091 3272 terrae

237 3322 391 3404 vipereos
408 3319 526 3398 dentis,
545 3323 661 3405 populi
676 3321 882 3385 incrementa
898 3320 1012 3383 futuri.

240 3436 338 3499 Paret
353 3445 387 3499 et
402 3445 439 3498 ut
455 3455 570 3517 presso
587 3435 715 3499 sulcum
733 3433 893 3517 patefecit
909 3443 1028 3510 aratro,
1208 3444 1263 3492 uno

183 3575 227 3627 105
239 3549 367 3630 spargit
383 3548 477 3611 humi
492 3550 610 3624 iussos
628 3547 780 3610 mortalia
796 3548 931 3623 semina,
949 3546 1068 3611 dentis.
1208 3519 1280 3643 ξξζέ

241 3660 335 3736 Inde,
353 3661 418 3724 fide
434 3662 549 3737 maius,
568 3659 707 3742 glaebae
723 3679 864 3742 coepere
882 3660 1016 3736 moveri,

240 3774 414 3856 primaque
430 3773 472 3838 de
487 3773 589 3837 sulcis
604 3774 693 3836 acies
709 3773 865 3854 apparuit
880 3773 1012 3848 hastae;
