2996 4384
493 381 721 438 HARDSHIPS
751 382 808 438 AT
836 382 950 439 ΤΟΜΙ
1126 391 1166 461 13
1174 390 1192 464 ς

244 564 387 648 Quaque
403 574 491 627 rates
507 564 622 640 ierant,
641 565 782 646 pedibus
799 585 887 628 nunc
904 566 977 642 itur,
995 575 1028 628 et
1044 566 1152 628 undas

286 678 410 758 frigore
427 686 599 740 concretas
618 678 742 758 ungula
759 677 869 759 pulsat
886 678 962 760 equi
977 699 983 752 ;

184 812 214 865 25
242 810 367 874 perque
384 810 488 852 novos
505 791 615 870 pontis
633 790 747 853 subter
762 789 951 853 labentibus
968 790 1066 854 undis
1096 851 1098 856 .

285 903 411 965 ducunt
431 901 606 965 Sarmatici
622 902 763 965 barbara
780 903 929 983 plaustra
945 903 1057 985 boves.

242 1015 307 1078 Vix
322 1015 475 1097 equidem
492 1014 618 1090 credar,
636 1014 694 1077 sed
712 1034 787 1077 cum
805 1014 870 1077 sint
887 1015 1035 1097 praemia
1052 1015 1129 1078 falsi

285 1127 386 1202 nulla,
404 1136 509 1188 ratam
527 1127 627 1189 debet
643 1127 737 1190 testis
754 1127 877 1191 habere
894 1128 1012 1191 fidem:

241 1239 384 1303 vidimus
400 1239 571 1320 ingentem
587 1239 694 1320 glacie
710 1240 892 1302 consistere
908 1250 1057 1321 pontum,

183 1377 214 1426 30
285 1351 476 1434 lubricaque
492 1351 647 1414 immotas
663 1361 750 1414 testa
766 1352 938 1434 premebat
954 1373 1066 1435 aquas.

243 1465 316 1528 Nec
331 1464 454 1527 vidisse
471 1473 521 1526 sat
538 1473 606 1541 est;
631 1464 749 1527 durum
767 1465 968 1528 calcavimus
984 1485 1116 1547 aequor,

285 1577 440 1658 undaque
457 1596 524 1638 non
541 1576 606 1638 udo
623 1577 684 1639 sub
701 1577 786 1658 pede
800 1597 929 1639 summa
945 1577 1017 1640 fuit.

243 1689 279 1753 Si
293 1689 353 1752 tibi
368 1690 434 1752 tale
450 1688 574 1751 fretum
592 1689 769 1771 quondam,
790 1689 953 1765 Leandre,
970 1690 1100 1765 fuisset,

285 1822 352 1864 non
369 1801 456 1864 foret
473 1811 635 1883 angustae
652 1822 741 1864 mors
757 1812 814 1865 tua
830 1802 955 1865 crimen
972 1823 1087 1884 aquae.

184 1939 214 1990 35
241 1915 328 1976 Tum
345 1933 454 1996 neque
471 1933 506 1976 se
523 1913 626 1994 pandi
641 1922 782 1995 possunt
797 1915 974 1996 delphines
990 1915 1023 1976 in
1040 1935 1137 1977 auras

285 2027 419 2102 tollere;
444 2026 596 2090 conantis
613 2026 696 2088 dura
712 2035 842 2090 coercet
859 2027 974 2089 hiems.

244 2139 287 2202 Et
303 2141 454 2221 quamvis
473 2139 597 2202 Boreas
613 2138 743 2202 iactatis
758 2141 890 2202 insonet
907 2139 976 2214 alis

285 2251 407 2314 fluctus
423 2251 456 2312 in
473 2250 610 2314 obsesso
627 2250 760 2332 gurgite
776 2251 887 2314 nullus
903 2253 983 2327 erit;

242 2363 455 2445 inclusaeque
472 2363 550 2443 gelu
567 2362 702 2425 stabunt
719 2372 756 2425 ut
771 2383 937 2426 marmora
953 2383 1095 2445 puppeS,

184 2504 216 2550 40
282 2495 344 2538 nec
362 2474 482 2556 poterit
498 2474 624 2556 rigidas
640 2475 766 2538 findere
782 2495 893 2537 remus
910 2496 1023 2557 aquas.

242 2587 395 2650 Vidimus
411 2588 443 2649 in
461 2588 567 2668 glacie
584 2588 685 2670 piscis
701 2588 838 2650 haerere
855 2589 984 2669 ligatos,

287 2700 345 2764 sed
362 2720 439 2782 pars
456 2700 575 2763 exiliis
591 2710 672 2763 tunc
689 2721 821 2783 quoque
837 2701 913 2763 viva
929 2700 1002 2763 fuit.

244 2812 321 2876 Sive
338 2813 439 2893 igitur
455 2812 575 2875 boreae
591 2812 684 2875 nimii
700 2815 749 2876 vis
767 2833 866 2875 saeva
883 2813 1029 2876 marinas

287 2925 356 2987 sive
372 2925 575 2987 redundatas
591 2924 727 2988 flumine
744 2925 833 3006 cogit
850 2946 963 3006 aquas,

185 3063 216 3115 45
244 3036 394 3118 protinus
411 3047 554 3118 aequato
571 3036 668 3100 siccis
685 3038 893 3119 aquilonibus
912 3038 1030 3101 Histro

287 3149 454 3211 invehitur
470 3149 570 3212 celeri
585 3149 746 3212 barbarus
763 3150 868 3213 hostis
885 3170 979 3232 equo.

246 3261 363 3325 Hostis
380 3282 465 3343 equo
482 3262 612 3342 pollens
629 3263 796 3343 longeque
812 3263 945 3325 volante
962 3262 1085 3344 sagitta

287 3373 429 3436 vicinam
448 3374 514 3437 late
531 3374 756 3455 depopulatur
773 3374 918 3436 humum.

246 3487 439 3568 Diffugiunt
452 3486 516 3561 alii,
535 3486 700 3568 nullisque
716 3485 886 3548 tuentibus
902 3505 1002 3566 agros

188 3626 218 3679 50
288 3598 509 3673 incustoditae
526 3598 724 3680 diripiuntur
741 3617 833 3680 opes

245 3713 329 3774 ruris
346 3732 427 3800 opes
445 3731 577 3793 parvae,
596 3732 698 3792 pecus
715 3721 748 3774 et
764 3711 936 3774 stridentia
952 3710 1110 3792 plaustra,

288 3832 321 3886 et
337 3844 420 3905 quas
437 3823 567 3886 divitias
583 3823 691 3885 incola
708 3843 835 3905 pauper
847 3823 956 3885 habet.

1215 3225 1353 3316 Plundered

1214 3345 1249 3404 by

1215 3418 1367 3465 Barbarians
