2988 4388
627 307 753 394 nronn

528 626 621 700 xn.
643 628 827 738 turona

256 829 364 913 Lydia
380 838 449 891 tota
466 829 585 904 fremit,
606 805 836 914 Phrygiaeque
853 851 913 912 per
929 832 1054 913 oppida
1069 831 1151 894 facti
1180 827 1233 873 ¹⁴¹²0

211 961 323 1002 rumor
338 941 363 1002 it
379 950 412 1003 et
428 961 587 1023 magnum
604 942 812 1004 sermonibus
829 951 971 1024 occupat
986 944 1109 1006 orbem.
1180 901 1259 1023 30¹5

212 1053 304 1116 Ante
321 1074 398 1116 suos
417 1053 526 1116 Niobe
542 1055 707 1116 thalamos
724 1065 926 1134 cognoverat
941 1055 1041 1130 illam,
1180 1050 1295 1097 ΔΝΜ

211 1172 281 1226 tum
298 1185 373 1227 curn
392 1167 583 1228 Maeoniam
600 1165 693 1246 virgo
711 1165 930 1248 Sipylumque
947 1167 1095 1243 colebat;

171 1297 184 1350 5
212 1297 272 1339 nec
289 1285 401 1339 tamen
419 1278 588 1340 admonita
604 1287 654 1340 est
674 1297 783 1358 poena
799 1278 970 1359 popularis
987 1280 1162 1358 Arachnes

212 1389 330 1452 cedere
346 1390 518 1452 caelitibus
534 1389 710 1471 verbisque
727 1390 909 1452 minoribus
926 1393 982 1454 uti.

213 1501 321 1563 Multa
349 1502 474 1564 dabant
505 1501 642 1564 animos,
709 1502 776 1566 Sed
804 1503 892 1565 enirn
920 1524 982 1567 nec
1013 1503 1163 1586 coniugis

299 1623 395 1688 arteS,
1104 1602 1108 1610 ¹

213 1745 274 1788 nec
290 1745 397 1806 genus
413 1726 587 1789 amborum
603 1727 782 1809 magnique
800 1731 949 1809 potentia
965 1729 1060 1809 regni

213 1839 260 1900 sic
277 1838 431 1918 placuere
447 1838 502 1914 illi,
522 1839 672 1920 quamvis
689 1860 729 1902 ea
745 1851 866 1903 cuncta
883 1841 1063 1922 placerent,

158 1983 187 2019 10
214 1959 249 2011 ut
266 1971 325 2011 sua
342 1951 527 2031 progenies
578 1952 621 2014 Et
638 1952 831 2014 felicissima
847 1963 989 2015 matrum

155 2099 158 2105 ·
214 2062 302 2124 dicta
317 2062 404 2125 foret
423 2063 541 2139 Niobe,
560 2064 587 2125 si
603 2084 670 2125 non
688 2065 751 2126 sibi
766 2065 837 2126 visa
853 2065 979 2128 fuisset.

260 2177 347 2238 Nam
365 2185 437 2238 sata
453 2175 581 2238 Tiresia
596 2177 728 2238 venturi
744 2176 893 2257 praescia
911 2178 1028 2240 Manto

215 2308 274 2369 per
291 2289 417 2350 medias
433 2289 544 2350 fuerat
561 2289 672 2352 divino
689 2290 818 2352 concita
835 2300 926 2352 motu

215 2401 393 2463 vaticinata
410 2403 498 2463 vias:
525 2407 542 2432 “
555 2403 748 2477 ismenides,
767 2402 811 2464 ite
828 2403 1020 2482 frequentes

158 2539 187 2590 15
216 2523 249 2576 et
265 2514 340 2576 date
360 2515 509 2576 Latonae
528 2515 812 2595 Latonigenisque
829 2515 958 2576 duobus

216 2646 290 2688 cum
308 2645 407 2706 prece
423 2636 497 2688 tura
514 2628 569 2706 pia
585 2627 743 2707 lauroque
760 2627 919 2689 innectite
936 2628 1069 2689 crinem.

216 2738 284 2800 Ore
302 2758 375 2800 meo
394 2739 524 2800 Latona
540 2738 660 2800 iubet.''
710 2739 853 2814 Paretur,
871 2749 904 2801 et
920 2759 1035 2802 omnes

215 2849 406 2918 Thebaides
422 2849 519 2912 iussis
537 2871 597 2912 sua
612 2861 763 2931 tempora
779 2852 953 2913 frondibus
971 2860 1099 2927 ornant,

215 2971 354 3043 turaque
371 2962 453 3023 dant
469 2963 593 3024 sanctis
609 2973 641 3024 et
658 2963 760 3025 verba
777 2964 947 3043 precantia
963 2964 1113 3026 flammis.
1135 2963 1138 2975 '

159 3110 189 3144 20
261 3074 348 3136 Ecce
364 3074 456 3136 venit
472 3075 629 3137 comitum
648 3075 755 3136 Niobe
772 3074 989 3136 celeberrima
1004 3076 1110 3152 turba,

214 3185 362 3248 vestibus
378 3185 504 3248 intexto
523 3187 676 3270 Phrygiis
694 3186 885 3268 spectabilis
902 3208 981 3251 auro

131 3335 132 3339 =
215 3307 257 3372 et,
275 3308 436 3378 quantum
453 3298 501 3360 ira
517 3299 603 3374 sinit,
622 3299 777 3373 formosa,
796 3319 999 3381 movensque
1017 3300 1136 3363 decoro

216 3429 290 3471 curn
315 3411 423 3491 capite
455 3410 621 3473 immissos
647 3431 797 3473 umerum
824 3433 884 3492 per
909 3422 1086 3494 utrumque
1117 3433 1167 3476 ca-

303 3522 409 3602 pillos
451 3600 453 3604 y

216 3634 380 3697 Constitit.
429 3637 544 3716 thue
564 3637 676 3699 oculos
694 3637 894 3699 circumtulit
910 3638 977 3700 alta
994 3637 1165 3718 superbos
1185 3625 1240 3672 ΔΜ

158 3753 187 3804 25
218 3746 331 3827 “Quis
348 3748 449 3821 furor,
467 3749 629 3823 auditoS,’'
647 3749 762 3830 inquit,
783 3755 1019 3831 “praeponere
1035 3749 1115 3812 visis
1184 3701 1345 3834 maome.

380 3877 396 3914 F
