2996 4384
313 309 379 378 126
511 318 762 377 SELECTIONS
793 318 911 376 FROM
943 319 1047 377 OVID

349 513 382 568 et
398 505 493 587 quasi
509 503 684 567 discedens
701 504 816 567 oscula
830 504 936 567 multa
951 503 1037 567 dedi.

304 617 413 699 Saepe
430 615 546 704 eadem
563 615 721 679 mandata
736 615 813 678 dedi
829 635 948 698 meque
964 615 1036 698 ipse
1052 616 1168 691 fefelli,

346 728 527 811 respiciens
544 729 649 792 oculis
665 730 806 811 pignora
822 748 899 792 cara
915 727 1007 792 meis.
1283 737 1314 787 60

305 841 468 924 Denique,
494 840 611 925 “Quid
631 839 792 923 propero?
839 839 978 926 Scythia
999 849 1051 903 est
1073 861 1138 923 quo
1159 840 1256 903 mitti·

390 953 493 1030 mur,''
511 953 661 1036 inquam;

348 1067 483 1129 “Roma
495 1065 713 1148 relinquenda
724 1074 784 1128 est.
819 1067 971 1148 Utraque
987 1065 1074 1129 iusta
1085 1086 1179 1128 mora
1194 1075 1253 1129 est

304 1179 397 1242 Uxor
412 1177 447 1240 in
462 1187 645 1241 extremum
662 1177 737 1240 vivo
754 1176 834 1239 mihi
849 1179 925 1240 viva
941 1185 1092 1259 negatur,

346 1299 380 1354 et
395 1290 513 1353 domus
530 1298 563 1354 et
579 1290 665 1353 fidae
681 1288 790 1353 dulcia
806 1287 954 1353 membra
971 1289 1098 1365 domus,

302 1423 451 1486 quosque
467 1423 530 1484 ego
545 1401 644 1465 dilexi
659 1402 809 1464 fraterno
825 1421 917 1464 more
934 1401 1065 1477 sodalis,
1281 1405 1313 1471 65
1383 1395 1389 1402 ’

346 1514 377 1579 Ο
394 1515 475 1577 mihi
490 1515 623 1578 Thesea
639 1522 775 1596 pectora
789 1515 902 1577 iuncta
918 1513 992 1576 fide.

304 1628 394 1689 Dum
409 1626 494 1704 licet,
511 1628 701 1708 amplectar,
721 1609 903 1709 numquam
920 1626 1063 1690 fortasse
1079 1625 1190 1690 licebit

258 1813 261 1818 ¹
345 1737 488 1820 amplius
497 1759 505 1816 ;
529 1739 563 1801 in
579 1738 670 1802 lucro
687 1748 738 1801 est
754 1758 840 1820 quae
856 1738 955 1801 datur
971 1739 1053 1802 hora
1068 1737 1180 1801 mihi.''

304 1851 376 1914 Nec
392 1871 493 1927 mora,
512 1852 673 1914 sermonis
688 1849 792 1913 verba
808 1849 1006 1931 imperfecta
1022 1849 1181 1932 relinquo,

345 1962 571 2044 complectens
587 1964 698 2025 animo
715 1963 865 2044 proxima
881 1983 1033 2045 quaeque
1049 1983 1131 2026 meo.
1280 1976 1312 2027 70

304 2076 394 2139 Dum
410 2075 526 2158 loquor
542 2084 576 2138 et
591 2075 718 2151 flemus,
735 2076 828 2138 caelo
844 2073 1063 2138 nitidissimus
1079 2075 1155 2149 alt0‚

346 2187 441 2251 stella
456 2187 567 2269 gravis
584 2186 688 2264 nobis,
709 2187 845 2250 Lucifer
861 2197 952 2251 ortus
967 2196 1047 2250 erat.

303 2299 442 2364 Dividor
452 2299 542 2362 haud
552 2299 647 2363 aliter
657 2319 756 2382 quam
770 2299 798 2362 si
809 2319 884 2362 mea
896 2299 1045 2362 membra
1057 2298 1251 2382 relinquam,

344 2421 378 2475 et
393 2432 471 2494 pars
486 2410 640 2494 abrumpi
655 2432 794 2495 corpore
810 2413 881 2475 visa
897 2431 957 2474 suo
974 2421 1032 2475 est.

302 2524 357 2588 Sic
373 2523 477 2587 doluit
495 2525 622 2587 Mettus
638 2533 718 2588 tunc
734 2544 809 2587 cum
826 2522 859 2586 in
876 2523 1041 2588 contraria
1055 2544 1169 2586 versos
1280 2546 1311 2598 75

344 2637 467 2699 ultores
484 2634 600 2698 habuit
615 2634 811 2718 proditionis
826 2656 941 2719 equos,

300 2749 386 2811 Tum
404 2768 482 2811 vero
498 2749 643 2812 exoritur
659 2748 783 2811 clamor
798 2748 1009 2831 gemitusque
1026 2768 1184 2817 meorum.

344 2870 377 2923 ct
392 2859 518 2923 feriunt
532 2870 679 2923 maestae
696 2869 831 2942 pectora
847 2859 937 2923 nuda
954 2881 1080 2923 manus.

301 2974 386 3034 Tum
403 2993 481 3035 vero
498 2972 642 3036 coniunx
657 2974 780 3036 umeris
796 2972 949 3036 abeuntis
965 2972 1143 3036 inhaerens

344 3085 475 3147 miscuit
492 3085 573 3147 haec
590 3084 733 3148 lacrimis
749 3085 855 3148 tristia
871 3084 959 3148 dicta
975 3084 1062 3148 suis:
1276 3103 1308 3151 80

303 3198 406 3280 “Non
417 3206 513 3278 potes
524 3197 629 3260 avelli.
648 3197 755 3262 Simul
765 3198 852 3274 hinc,
864 3197 961 3260 simul
972 3196 1123 3272 ibimus,'’
1134 3196 1249 3279 inquit.

346 3310 423 3372 “Te
440 3330 559 3392 sequar
574 3319 607 3373 et
623 3309 767 3373 coniunx
783 3311 904 3372 exsulis
920 3309 1013 3372 exsul
1027 3329 1093 3373 ero.

300 3423 346 3485 Et
360 3422 440 3484 mihi
456 3423 546 3484 facta
561 3421 615 3484 via
630 3432 690 3498 cst,
707 3430 741 3485 et
757 3443 810 3485 me
825 3424 915 3505 capit
930 3421 1046 3485 ultima
1063 3431 1158 3485 terra.

341 3534 511 3598 Accedam
530 3535 693 3617 profugae
709 3535 840 3599 sarcina
856 3555 959 3617 parva
974 3536 1046 3598 rati.

297 3647 347 3709 Te
363 3645 455 3710 iubet
470 3667 490 3709 a
506 3647 613 3729 patria
630 3647 801 3710 discedere
818 3646 971 3711 Caesaris
988 3646 1044 3724 ira,

341 3778 394 3822 me
410 3757 537 3840 pietas;
561 3758 669 3841 pietas
685 3760 768 3823 haec
785 3757 867 3823 mihi
883 3759 1008 3824 Caesar
1022 3758 1116 3822 erit.’'
