2988 4388
607 316 695 374 THE
724 315 862 374 rrooo
1162 330 1203 401 19

301 498 439 581 Iamque
455 507 580 562 nocens
596 499 721 562 ferrum
733 501 888 583 ferroque
900 503 1074 565 nocentius
1087 521 1203 565 aurum
1231 520 1293 589 wgr

255 611 437 694 prodieram
461 612 571 694 prodit
589 612 727 688 Bellum,
746 613 834 694 quod
851 621 980 695 pegnat
996 622 1144 697 utreque,
1229 596 1302 717 εἴξῃ

204 749 234 803 55
254 725 504 806 sanguineique
519 732 620 787 manu
638 725 835 805 crepitantia
851 727 998 789 concutit
1013 746 1114 789 arma.
1228 745 1302 794 evus

254 836 385 900 Vivitur
400 857 440 900 ex
456 845 560 919 rapte.
610 837 685 914 Non
704 837 828 918 hospes
842 836 885 900 ab
901 837 1033 920 hospite
1048 845 1149 916 tritus,

254 955 321 1010 nen
338 968 431 1012 socer
446 956 466 1011 e
479 957 620 1030 gener63
637 951 778 1013 {tetrum
792 969 923 1032 quoque
935 950 1043 1031 gretia
1054 957 1128 1014 rera
1140 960 1217 1044 est·

256 1060 412 1124 Imminet
428 1061 527 1124 exitis)
542 1063 591 1124 vir
608 1063 768 1143 coniugis,
786 1063 842 1125 illa
858 1072 983 1138 mariti;

255 1173 362 1236 lurida
377 1172 539 1236 terribiles
556 1175 696 1238 miscent
711 1183 843 1237 aconita
858 1195 1039 1251 novercae3

202 1301 234 1352 60
256 1284 346 1348 lilius
362 1295 440 1350 ante
456 1286 543 1349 diem
560 1286 685 1369 patries
700 1285 836 1369 inquirit
851 1287 885 1349 in
901 1297 1015 1350 annos.

190 1481 192 1485 ι
255 1399 354 1461 Victa
369 1397 454 1461 iacet
470 1398 593 1481 pietas3
617 1408 650 1462 et
665 1398 760 1481 virgo
776 1399 878 1463 caede
894 1399 1067 1477 madentis,

256 1511 372 1573 ultima
387 1510 578 1588 caelestum,
596 1518 700 1575 terris
716 1512 863 1575 Astraea
878 1512 1019 1596 reliquit.

668 1711 806 1738 -ooo—

520 1873 573 1946 II.
610 1874 731 1946 THE
761 1875 946 1946 FLOOD

300 2067 400 2131 Dicta
417 2067 506 2130 Iovis
530 2087 608 2149 pars
632 2031 724 2130 voce*
741 2067 885 2149 probant
907 2067 1125 2152 stimulosque
1141 2070 1205 2134 ire·
1231 2076 1318 2136 J⁰v⁰’⁸

1231 2150 1321 2198 Words

341 2189 446 2244 menti
1232 2226 1357 2285 approved

254 2291 410 2367 adiciunt,
428 2291 484 2354 alii
499 2300 602 2374 partis
619 2291 817 2354 adsensibus
833 2291 982 2374 implent.

255 2405 317 2466 Est
332 2413 445 2466 tamen
462 2390 600 2465 hermini
614 2403 746 2486 generis
762 2405 889 2466 iactura
905 2405 1012 2482 doleri
1096 2454 1099 2460 .

254 2515 416 2591 omnibus,
434 2526 468 2578 et
484 2537 569 2598 quae
585 2517 628 2579 sit
643 2526 751 2579 terrae
767 2516 960 2580 mortelibus
977 2517 1078 2580 orbae

217 2652 231 2705 ς
255 2630 364 2691 ferma
380 2629 494 2691 lutura
508 2638 630 2710 rogant
640 2650 648 2706 ;
673 2628 747 2711 quis
764 2630 807 2691 sit
823 2629 950 2691 liturus
967 2631 1001 2691 in
1018 2636 1093 2692 eres

253 2748 347 2817 tirra3
371 2740 496 2803 ferisne
512 2750 608 2822 paret
625 2741 836 2822 populandis
852 2741 983 2804 tredere
999 2749 1113 2805 terres.

252 2854 349 2916 Telia
364 2862 564 2935 quaerentis,
582 2852 644 2916 sibi
661 2855 750 2916 enim
767 2854 839 2917 iore
857 2861 967 2917 cetera
983 2861 1093 2930 curae,

252 2973 309 3028 rex
326 2972 483 3047 superum
499 2965 667 3047 trepidere
683 2975 783 3042 vetat,
801 2965 1018 3048 subolemque
1035 2966 1136 3049 priori

252 3077 444 3142 dissimilem
461 3079 587 3160 popule
603 3078 765 3161 premittit
780 3079 908 3160 origine
925 3085 1016 3140 mire.

201 3219 230 3255 ιο
297 3191 436 3273 Iamque
452 3200 524 3253 erat
539 3191 573 3253 in
589 3198 675 3254 tetes
691 3198 868 3272 sparsurus
884 3190 1026 3253 fulmina
1041 3198 1155 3254 terres

253 3303 321 3368 Sed
336 3302 454 3379 timuit,
472 3311 515 3366 ne
530 3304 618 3367 forte
635 3324 729 3366 sacer
744 3313 793 3366 tot
809 3302 851 3366 ab
867 3302 1001 3384 ignibus
1019 3304 1135 3367 aether

251 3414 442 3498 conciperet
458 3415 618 3491 flammas,
636 3416 822 3498 longusque
839 3415 1026 3480 ardesceret
1041 3416 1121 3479 axis.

253 3529 338 3591 Esse
354 3547 486 3610 quoque
502 3529 537 3590 in
553 3528 631 3591 fetis
647 3527 876 3604 reminiscitur,
895 3528 1012 3592 adfore
1027 3537 1161 3611 tempus

252 3649 318 3722 que
335 3660 434 3716 mare,
452 3648 518 3723 que
534 3640 631 3704 tellus
648 3651 866 3723 correptaque
883 3640 974 3722 regia
990 3642 1073 3705 caeli

201 3759 230 3813 Ι5
252 3752 368 3817 erdeat
383 3762 416 3816 et
432 3753 548 3815 mundi
564 3752 667 3815 moles
683 3761 823 3833 operesa
839 3753 976 3816 laboret.
