2996 4384
212 306 217 320 ⁸
312 296 356 368 86
516 308 916 398 snexerronsrxom
947 308 1051 366 0er
1154 281 1155 285 '

308 491 458 554 nituntur
475 492 574 576 longo
589 491 730 573 vestigia
746 507 878 574 ponere
887 493 981 555 clivo,
1287 529 1319 577 70

352 605 498 668 Tantum
517 603 656 667 aberant
681 624 810 667 summo
831 581 993 687 quantum
1013 605 1116 668 semel
1140 605 1187 669 ire
1212 627 1259 669 sa·

394 715 479 798 gitta

308 827 408 892 missa
425 837 544 910 potest,
561 828 682 892 flexere
698 830 812 893 oculos
828 839 862 892 et
878 849 987 892 mersa
1003 830 1125 912 palude

247 1013 249 1018 ,
308 950 418 1004 cetera
434 939 651 1023 prospiciunt,
668 949 797 1004 tantum
815 963 874 1005 sua
890 951 979 1005 tecta
994 962 1137 1006 manere.

308 1053 467 1136 Dumque
483 1073 523 1116 ea
538 1053 708 1129 mirantur,
725 1053 804 1116 dum
821 1053 946 1118 deflent
961 1055 1032 1117 fata
1048 1074 1191 1130 suorum,

307 1165 363 1229 illa
378 1175 474 1230 vetus
490 1165 632 1228 dominis
648 1165 747 1229 etiam
765 1186 842 1229 casa
858 1187 962 1248 parva
977 1166 1107 1231 duobus
1275 1159 1317 1232 v75

307 1277 445 1342 vertitur
461 1278 495 1340 in
511 1277 694 1360 templum3
718 1279 832 1342 furcas
849 1278 979 1342 subiere
996 1265 1180 1356 columnae,
1208 1329 1211 1335 .

308 1390 468 1454 stramina
483 1391 677 1466 flavescunt,
695 1400 877 1473 aurataque
893 1400 982 1454 tecta
997 1391 1159 1467 videntur,

308 1503 521 1586 caelataeque
537 1504 627 1567 fores
644 1503 870 1584 adopertaque
887 1523 1050 1567 marmore
1066 1504 1172 1566 tellus.

308 1614 404 1677 Talia
418 1624 489 1678 tum
506 1615 636 1697 placido
654 1616 829 1680 Saturnius
846 1615 949 1679 edidit
964 1635 1040 1679 ore:

230 1730 231 1733 ’
310 1732 328 1760 “
341 1727 459 1804 Dicite,
477 1727 562 1794 iuste
579 1747 688 1803 senex,
706 1737 740 1790 et
755 1727 882 1791 femina
898 1727 1039 1809 coniuge
1055 1727 1142 1790 iusto
1286 1730 1318 1781 80

308 1839 419 1920 digna,
436 1839 516 1921 quid
532 1839 685 1922 optetis.”
733 1841 817 1904 Cum
836 1839 981 1903 Baucide
998 1860 1105 1921 pauca
1122 1841 1250 1903 locutus
1341 1822 1346 1834 ⁵

308 1951 466 2015 iudicium
483 1951 611 2034 superis
628 1951 735 2034 aperit
752 1972 928 2016 commune
946 1952 1139 2017 Philemon:
1170 1954 1173 1959 ’

310 2065 423 2128 “Esse
439 2064 630 2128 sacerdotes
642 2064 846 2147 delubraque
861 2075 973 2129 vestra
989 2065 1075 2129 tueri
1223 2141 1228 2151 Ι

309 2176 485 2258 poscimus.
534 2157 579 2240 Et
594 2177 750 2258 quoniam
766 2177 939 2269 concordis
955 2177 1086 2260 egimus
1101 2198 1216 2252 annos,

220 2326 223 2336 ι
307 2290 439 2363 auferat
454 2289 536 2352 hora
552 2289 634 2352 duos
650 2289 777 2352 eadem.
826 2290 898 2353 Nec
914 2289 1064 2372 coniugis
1081 2311 1238 2372 umquam
1285 2289 1342 2355 85.

305 2400 406 2464 busta
422 2421 515 2465 meae
530 2401 672 2478 videam,
690 2421 755 2465 neu
772 2400 833 2465 sim
850 2403 1064 2466 tumulandus
1080 2403 1122 2466 ab
1138 2403 1224 2466 illa.’'
1249 2459 1253 2464 .

349 2514 439 2579 Vota
455 2514 536 2577 fides
553 2513 710 2597 sequitur.
757 2515 891 2598 Templi
906 2515 1010 2580 tutela
1026 2516 1130 2592 fuere,

210 2671 212 2676 .
306 2625 412 2689 donec
427 2626 496 2690 vita
510 2626 590 2689 data
605 2636 664 2690 est.
712 2627 823 2692 Annis
839 2648 987 2710 aevoque
1004 2629 1103 2692 soluti

241 2752 243 2756 ·
306 2748 384 2802 ante
400 2731 524 2821 gradus
539 2752 651 2803 sacros
667 2745 749 2804 cum*
760 2748 887 2804 starent
903 2741 989 2804 forte
1005 2740 1135 2823 locique

307 2861 481 2914 narrarent
496 2871 604 2928 casuS,
620 2852 778 2916 frondere
796 2854 991 2915 Philemona
1009 2853 1139 2928 Baucis,
1188 2903 1196 2918 ,
1284 2882 1316 2931 90

309 2963 456 3027 Baucida
471 2964 643 3046 conspexit
660 2964 770 3029 senior
785 2965 941 3028 frondere
959 2947 1139 3028 Philemon.
1288 2920 1359 3030 da
1378 2947 1381 2952 ¹
1483 2957 1484 2976 ³

309 3077 447 3158 Iamque
464 3096 564 3158 super
579 3060 730 3158 geminos
746 3087 918 3141 crescente
934 3077 1106 3140 cacumine
1121 3075 1232 3139 vultus
1408 3061 1410 3066 ¹

291 3197 430 3281 mutua,
447 3189 527 3252 dum
543 3189 644 3265 licuit,
661 3189 846 3253 reddebant
861 3188 958 3265 dicta,
978 3194 996 3221 “
1007 3189 1091 3252 Vale
1102 3188 1120 3213 ’'
1138 3208 1203 3270 que

307 3305 326 3332 “
337 3301 368 3364 O
385 3301 558 3378 coniunx,”
576 3301 685 3366 dixere
702 3302 808 3379 simul,
827 3301 923 3366 simul
940 3300 1052 3364 abdita
1067 3301 1149 3364 texit

306 3433 364 3476 ora
380 3414 498 3476 frutex.
546 3414 702 3479 Ostendit
719 3415 828 3478 adhuc
844 3414 1042 3478 Thimnelus
1058 3413 1123 3478 illic
1284 3436 1316 3489 95

306 3525 414 3588 incola
429 3526 471 3588 de
487 3529 621 3607 gemino
637 3527 763 3590 vicinos
780 3511 919 3610 corpore
935 3537 1081 3591 truncos.
1321 3512 1327 3519 ⁹

307 3638 404 3701 Haec
420 3637 500 3700 mihi
516 3659 583 3702 non
599 3639 676 3700 vani
687 3636 812 3720 (neque
829 3650 899 3703 erat
912 3652 971 3703 cur
986 3640 1103 3703 fallere
1119 3637 1259 3722 vellent)

305 3769 482 3813 narravere
499 3738 604 3814 senes.
652 3745 816 3834 Equidem
834 3751 1014 3840 pendentia
1029 3751 1097 3815 vidi
