2988 4388
456 383 582 440 canus
612 383 700 439 Aru)
732 384 982 440 PROSERPINA
1141 373 1183 443 61

177 594 208 648 95
235 574 438 647 pectoraque
454 567 488 626 in
505 567 614 628 tenuis
630 566 755 628 abeunt
771 567 912 629 evanida
928 569 1024 630 rivos.

238 677 391 758 Denique
408 698 468 759 pro
484 677 558 740 vivo
575 677 707 740 vitiatas
725 679 887 759 sanguine
903 662 1006 742 venas

236 789 481 873 lymphasubit,
502 799 671 872 restatque
682 782 864 880 nihil'quod
874 792 1037 872 prendere
1048 791 1168 873 possis,

244 929 247 932 ·
281 903 416 964 Interea
432 902 573 982 pavidae
590 902 792 985 nequiquam
809 903 875 965 filia
892 903 989 966 matri
1207 903 1290 990 0⁶1&

235 1013 390 1076 omnibus
406 1024 458 1077 est
473 1014 578 1089 terris,
596 1016 686 1078 omni
702 1014 854 1096 quaesita
870 1016 1047 1096 profundo.
1207 978 1328 1103 ἑᾞῗε

179 1127 333 1196 molliam
350 1147 416 1190 non
433 1126 508 1189 udis
523 1126 661 1190 veniens
678 1127 812 1190 Aurora
828 1127 956 1209 capillis

235 1247 423 1302 cessantem
439 1239 530 1314 vidit,
548 1259 615 1301 non
634 1240 818 1320 Hesperus.
860 1240 923 1303 Illa
938 1240 1068 1303 duabus

235 1351 451 1414 flammiferas
468 1351 566 1432 pinus
583 1351 736 1414 manibus
754 1352 925 1416 succendit
940 1354 982 1418 ab
999 1353 1121 1429 Aetna,

235 1484 360 1546 perque
378 1463 551 1545 pruinosas
569 1465 644 1526 tulit
659 1465 845 1546 inrequieta
861 1464 1025 1529 tenebras.

237 1578 365 1639 Rursus
381 1575 438 1638 ubi
454 1577 542 1639 alma
558 1577 628 1640 dies
644 1576 818 1641 hebetarat
834 1577 951 1652 sidera,
969 1586 1082 1640 natam

179 1715 223 1768 105
236 1689 314 1752 solis
330 1689 372 1752 ab
389 1709 510 1752 occasu
526 1689 604 1752 solis
621 1690 802 1771 quaerebat
818 1690 861 1752 ad
876 1699 977 1753 ortus.

280 1801 373 1883 Quas
390 1803 453 1865 dea
469 1822 529 1883 per
544 1810 649 1865 terras
665 1811 700 1865 et
715 1823 798 1884 quas
814 1803 972 1894 erraverit¹
987 1802 1104 1877 undas,

235 1915 345 1977 dicere
360 1913 462 1994 longa
478 1933 571 1976 mora
586 1923 645 1978 est.
694 1914 876 1996 Quaerenti
892 1914 999 1976 defuit
1015 1913 1112 1977 orbis.

236 2026 403 2090 Sicaniam
420 2029 541 2107 repetit
555 2047 561 2102 ;
586 2027 732 2109 dumque
749 2027 860 2089 omnia
876 2027 995 2088 lustrat
1010 2026 1129 2102 eund0,

234 2141 326 2202 venit
341 2149 375 2202 et
391 2139 433 2202 ad
450 2140 597 2224 Cyanen.
646 2140 697 2201 Ea
713 2139 747 2200 ni
763 2148 891 2201 mutata
907 2138 1035 2213 fuisset,

180 2278 225 2316 110
235 2253 348 2316 omnia
363 2262 549 2329 narrasset;
575 2252 634 2314 sed
650 2261 684 2314 et
699 2272 736 2315 os
752 2261 787 2314 et
802 2251 917 2332 lingua
931 2251 1055 2315 volenti

236 2366 345 2429 dicere
361 2386 428 2428 non
446 2365 593 2440 aderant,
611 2384 673 2427 nec
690 2384 755 2445 quo
772 2364 961 2445 loqueretur
978 2362 1133 2426 habebat.

237 2477 343 2559 Signa
359 2487 470 2541 tamen
487 2478 666 2540 manifesta
682 2475 782 2552 dedit,
800 2485 979 2557 notamque
995 2476 1126 2556 parenti
1207 2486 1281 2532 ceres

236 2588 292 2652 illo
308 2590 394 2652 forte
411 2590 482 2652 loco
499 2589 671 2670 delapsam
688 2589 722 2650 in
739 2589 871 2669 gurgite
888 2608 981 2650 sacro
1207 2559 1382 2693 &zamam

237 2703 467 2784 Persephones
483 2723 600 2766 zonam
617 2702 754 2765 summis
771 2701 916 2764 ostendit
931 2701 966 2762 in
982 2699 1090 2762 undis.
1207 2710 1290 2758 circle

180 2842 225 2895 115
237 2814 349 2896 Quam
361 2814 459 2877 simul
471 2815 616 2896 agnovit,
629 2823 799 2896 tamquam
811 2821 890 2878 tunc
904 2812 1047 2894 denique
1060 2820 1189 2893 raptam

237 2926 362 3003 scisset,
381 2926 551 2990 inornatos
568 2926 704 2989 laniavit
720 2926 796 2988 diva
812 2924 959 3005 capillos,

236 3047 271 3102 et
285 3039 426 3120 repetita
443 3039 510 3102 suis
527 3038 691 3120 percussit
708 3046 843 3119 pectora
860 3036 987 3118 palmis.

282 3151 399 3215 Nescit
411 3152 519 3214 adhuc
530 3151 586 3213 ubi
597 3152 639 3213 sit
650 3172 657 3227 ;
671 3160 775 3214 terras
786 3159 898 3213 tamen
909 3149 1060 3229 increpat
1073 3145 1189 3223 omnis,

237 3263 451 3345 ingratasque
466 3272 563 3326 vocat
578 3283 639 3326 nec
656 3264 792 3344 frugum
811 3281 946 3324 munere
963 3260 1092 3342 dignas,

183 3405 228 3441 120
237 3375 443 3439 Trinacriam
460 3386 537 3438 ante
554 3375 645 3450 alias,
662 3376 780 3457 inqua
796 3373 937 3454 vestigia
953 3373 1067 3435 damni

238 3487 393 3570 repperit.
442 3489 532 3569 Ergo
548 3488 613 3550 illic
630 3507 729 3550 saeva
744 3487 908 3550 vertentia
923 3485 1062 3566 glaebas

239 3601 340 3681 fregit
356 3610 465 3663 aratra
481 3621 591 3676 manu,
609 3600 770 3682 parilique
786 3600 870 3661 irata
886 3599 1021 3661 colonos

238 3713 463 3795 ruricolasque
479 3712 581 3776 boves
598 3713 664 3775 leto
680 3712 771 3774 dedit
788 3731 932 3793 arvaque
948 3711 1044 3773 iussit

239 3824 356 3888 fallere
371 3824 559 3905 depositum
575 3825 757 3905 vitiataque
774 3822 900 3886 semina
916 3822 1006 3886 iecit.
