2988 4388
295 356 341 444 38
508 361 758 421 sunucrrous
788 361 905 419 suoru
937 359 1041 419 ovio

296 541 418 624 excipit
434 532 608 619 Eridanus
626 541 857 624 fdmantiaque
873 540 976 605 abluit
992 548 1059 603 ora.

298 656 424 719 Naides
442 656 629 737 Hesperiae
645 654 754 717 trifida
769 654 935 717 fumantia
951 653 1085 715 flamma

297 789 436 851 corpora
469 767 551 831 dant
587 768 724 844 tumulo,
761 776 895 849 signant
933 785 1065 849 quoque
1103 767 1248 830 carmine

384 900 517 944 saxum:

297 1011 355 1056 mc
376 1011 472 1057 smus
492 1011 556 1056 EST
580 1010 767 1056 Pnnurnou
788 1009 921 1055 cVRRvs
945 1009 1075 1055 Avtuon
1098 1009 1247 1054 Pnrumu

297 1123 394 1181 ovum
437 1123 466 1168 s1
505 1123 574 1169 nou
608 1123 738 1167 Tuuvm
779 1121 908 1167 unctus
947 1121 1067 1166 annau
1106 1122 1248 1166 nxcmm
1259 1134 1306 1186 305

384 1235 490 1286 Au51s.

709 1329 845 1354 ...000—

397 1478 441 1548 v.
476 1477 687 1549 uATTus
714 1477 833 1547 nnn
864 1425 1136 1548 maneum

342 1658 430 1742 Illud
447 1667 518 1721 erat
534 1666 667 1738 tempus
684 1678 750 1739 quo
765 1667 798 1720 te
816 1656 961 1738 pastoria
978 1657 1073 1738 pellis

297 1771 387 1847 texit,
404 1789 554 1852 onusque
570 1769 634 1832 fuit
649 1769 805 1833 baculum
822 1770 974 1832 silvestre
990 1768 1152 1845 sinistrae,

297 1883 432 1946 alterius
448 1882 562 1963 dispar
577 1883 724 1964 septenis
740 1881 850 1944 fistula
865 1883 989 1945 cannis.

299 1996 456 2076 Dumque
473 2014 566 2057 amor
582 2003 633 2057 est
648 2013 758 2069 curae,
772 1993 852 2056 dum
867 2003 901 2057 te
915 2002 974 2056 tua
989 1994 1100 2056 fistula
1112 1995 1243 2070 mulcet,

297 2106 517 2170 incustoditae
535 2105 646 2191 Pylios
662 2115 888 2172 memorantur
903 2107 936 2169 in
954 2126 1052 2189 agros
1291 2131 1304 2183 5

298 2219 500 2302 processisse
515 2218 626 2282 boves.
673 2218 774 2283 Videt
790 2219 850 2281 has
868 2219 1041 2282 Atlantide
1059 2219 1150 2282 Maia

297 2341 395 2394 natus
412 2341 445 2395 et
461 2341 531 2395 arte
547 2352 607 2394 sua
623 2331 713 2395 silvis
729 2331 874 2395 occultat
890 2331 1034 2395 abactas.

298 2444 456 2509 Senserat
471 2444 534 2508 hoc
550 2444 676 2506 furtum
692 2463 800 2520 nemo,
818 2443 882 2506 nisi
897 2453 995 2507 notus
1011 2444 1044 2506 in
1060 2444 1116 2508 illo

297 2577 372 2620 rure
389 2576 509 2632 senex;
534 2557 668 2619 Battum
684 2555 793 2619 vicina
809 2576 869 2637 per
884 2577 963 2619 arva
978 2557 1150 2620 vocabant.

300 2668 420 2732 Divitis
437 2668 490 2731 hic
507 2668 609 2732 saltus
625 2668 833 2751 herbosaque
849 2688 974 2751 pascua
990 2669 1088 2733 Nelei
1276 2694 1305 2728 10

298 2781 523 2863 nobiliumque
538 2800 657 2863 greges
673 2789 787 2844 custos
803 2780 957 2844 servabat
973 2799 1143 2863 equarum.

299 2894 401 2956 Hunc
416 2892 524 2955 timuit
539 2891 728 2974 blandaque
744 2913 847 2955 manu
863 2892 992 2956 seduxit
1008 2903 1041 2956 et
1056 2893 1111 2970 illi,

300 3005 485 3087 “Quisquis
497 3024 542 3080 es
551 3004 705 3086 hospes,’'
716 3005 770 3082 ait,
784 3007 836 3068 “si
846 3006 933 3070 forte
944 3015 1094 3068 armenta
1103 3007 1248 3088 requiret

298 3117 381 3180 haec
397 3116 525 3199 aliquis
542 3116 666 3180 vidisse
681 3137 777 3199 nega.
826 3118 902 3180 Neu
919 3117 1026 3200 gratia
1041 3119 1131 3181 facto

298 3230 389 3292 nulla
404 3229 614 3312 rependatur,
631 3229 770 3292 nitidam
787 3250 869 3312 cape
886 3230 1033 3311 praemia
1047 3231 1215 3294 vaccam.'’
1278 3264 1307 3316 ¹5
1345 3228 1348 3234 ’

300 3343 344 3405 Et
359 3341 458 3406 dedit.
505 3342 658 3424 Accepta
672 3362 773 3405 voces
788 3343 849 3405 has
866 3342 1009 3406 reddidit
1024 3344 1166 3424 hospes:

299 3456 436 3518 “Tutus
452 3473 518 3518 eas.
567 3454 670 3536 Lapis
686 3454 747 3517 iste
764 3455 856 3536 prius
871 3463 929 3518 tua
945 3456 1035 3518 furta
1051 3443 1232 3538 loquetur,’'

297 3576 331 3630 et
347 3567 492 3649 lapidem
505 3567 659 3630 ostendit.
708 3567 849 3631 Simulat
867 3568 946 3630 Iove
963 3576 1061 3630 natus
1078 3568 1178 3642 abire,

297 3700 374 3742 mox
390 3679 475 3742 redit
491 3688 524 3742 et
538 3699 637 3742 versa
653 3681 776 3761 pariter
791 3699 865 3742 cum
882 3699 964 3743 voce
981 3681 1096 3762 figura,

299 3798 317 3824 ‘⁶
330 3793 475 3868 Rustice,
491 3790 604 3854 vidisti
620 3791 647 3854 si
663 3811 746 3875 quas
762 3793 826 3855 hoc
842 3792 975 3868 limite,'’
993 3791 1082 3869 dixit,
1279 3833 1310 3868 20
