2996 4384
298 332 363 418 ¹38
500 341 751 400 SELECTIONS
782 342 900 399 FROM
932 342 1036 400 OVID

294 523 447 586 Protinus
463 524 643 587 excolimur
658 525 772 601 teneri,
790 544 935 607 curaque
952 524 1099 606 parentis
1274 557 1302 611 ¹5

335 635 421 698 imus
437 636 479 698 ad
495 636 635 717 insignis
648 637 738 699 urbis
751 637 792 699 ab
809 646 879 699 arte
895 636 991 698 viros

293 749 411 811 Frater
426 749 468 811 ad
484 750 651 831 eloquium
667 750 762 812 viridi
778 749 937 813 tendebat
952 749 994 811 ab
1011 769 1102 824 aevo,

335 861 434 923 fortia
449 861 581 924 verbosi
596 871 694 924 natus
710 863 752 924 ad
769 881 860 923 arma
878 861 963 924 Fori.

292 974 340 1036 At
356 973 437 1035 mihi
453 974 517 1035 iam
534 994 637 1056 puero
654 974 810 1036 caelestia
827 994 921 1037 sacra
934 973 1119 1056 placebant,

335 1087 434 1168 inque
451 1107 547 1149 suum
564 1087 677 1149 furtim
697 1089 796 1149 Musa
812 1087 964 1149 trahebat
980 1108 1073 1169 opus.
1273 1120 1303 1156 20

293 1199 402 1280 Saepe
418 1209 514 1281 pater
528 1200 618 1275 dixit,
637 1191 655 1230 ‘¹
669 1199 822 1264 Studium
839 1199 917 1281 quid
933 1199 1047 1262 inutile
1063 1199 1231 1282 temptas?

338 1312 534 1376 Maeonides
550 1313 658 1374 nullas
675 1312 747 1393 ipse
760 1311 892 1393 reliquit
907 1313 1019 1393 opes'’

295 1425 409 1486 Motus
422 1444 511 1486 eram
528 1424 633 1499 dictis
650 1433 786 1506 totoque
804 1424 966 1487 Helicone
982 1424 1097 1486 relicto

337 1535 480 1599 scribere
496 1521 640 1598 conabar
655 1536 758 1599 verba
773 1536 880 1598 soluta
897 1535 1011 1598 modis,

294 1647 422 1728 Sponte
439 1668 499 1710 sua
515 1668 648 1711 carmen
661 1668 818 1711 numeros
833 1648 987 1711 veniebat
1004 1648 1046 1709 ad
1062 1659 1159 1728 aptos
1274 1679 1304 1732 25

336 1770 370 1822 et
385 1760 474 1842 quod
490 1760 695 1842 temptabam
714 1760 824 1822 dicere
839 1780 955 1822 versus
973 1769 1052 1822 erat.

294 1873 427 1936 Interea
442 1872 543 1935 tacito
559 1893 660 1954 passu
677 1872 863 1935 labentibus
879 1873 975 1935 annis

275 2039 279 2048 .
336 1986 468 2048 liberior
482 1985 577 2048 fratri
593 1995 726 2066 sumpta
743 1985 888 2067 mihique
904 1995 983 2066 toga
999 1995 1059 2059 est,

292 2097 503 2179 induiturque
520 2097 641 2160 umeris
657 2118 732 2160 cum
750 2098 816 2159 lato
833 2118 980 2179 purpura
996 2098 1099 2174 clav0,

336 2219 369 2273 et
386 2210 531 2273 studium
548 2201 644 2272 n'obis
660 2210 749 2291 quod
765 2210 828 2271 fuit
845 2218 923 2272 ante
940 2219 1061 2273 manet.
1272 2235 1303 2285 30

295 2324 433 2405 lamque
449 2322 564 2386 decem
581 2324 669 2384 vitae
684 2323 789 2384 irater
800 2320 1027 2404 geminaverat
1042 2342 1157 2399 annoS,

336 2455 412 2497 cum
428 2434 522 2517 perit,
540 2444 572 2498 et
588 2435 683 2516 coepi
699 2444 793 2516 parte
809 2454 921 2497 carere
938 2435 1011 2496 mei.

294 2548 452 2629 Cepimus
468 2556 501 2610 et
517 2557 652 2610 tenerae
669 2546 793 2628 primos
805 2545 923 2609 aetatis
939 2547 1091 2623 honores,

337 2660 444 2741 deque
459 2659 537 2721 viris
554 2659 721 2740 quondam
739 2679 817 2739 pars
833 2658 938 2721 tribus
955 2679 1021 2720 una
1037 2659 1094 2721 fui.

294 2770 395 2833 Curia
410 2771 576 2845 restabat;
601 2771 686 2833 clavi
703 2791 858 2833 mensura
875 2779 990 2833 coacta
1003 2780 1071 2847 est;
1271 2792 1302 2845 35

338 2883 443 2945 maius
459 2892 529 2945 erat
546 2884 666 2945 nostris
683 2882 807 2945 viribus
824 2883 904 2945 illud
921 2903 1014 2945 onus.

295 2997 367 3059 Nec
384 2995 514 3077 patiens
531 3015 661 3077 corpuS,
680 3015 740 3058 nec
759 3015 853 3057 mens
870 2996 933 3057 fuit
950 3004 1030 3076 apta
1045 2994 1159 3070 labori,

337 3108 562 3190 sollicitaeque
578 3108 682 3189 fugax
698 3106 887 3169 ambitionis
903 3126 1002 3168 eram.

295 3222 339 3283 Et
355 3231 469 3301 petere
486 3221 615 3283 Aoniae
632 3219 817 3283 suadebant
833 3229 905 3284 tuta
922 3239 1051 3282 sorores

337 3333 412 3408 otia,
430 3332 550 3396 iudicio
566 3353 698 3414 semper
714 3341 824 3395 amata
840 3352 923 3394 meo

292 3445 468 3528 Temporis
485 3445 571 3507 illius
588 3445 672 3508 colui
689 3445 823 3526 iovique
840 3453 966 3525 poetas,

337 3568 482 3640 quotque
498 3558 637 3621 aderant
653 3566 756 3632 vates
775 3557 871 3620 rebar
887 3556 1005 3619 adesse
1022 3556 1111 3619 deos.

294 3671 403 3752 Saepe
420 3690 497 3732 suas
513 3670 656 3732 volucris
672 3669 752 3750 legit
769 3669 848 3730 mihi
865 3667 1020 3749 grandior
1037 3688 1129 3744 aevo,

337 3802 487 3865 quaeque
504 3791 602 3845 necet
618 3801 767 3862 serpens
781 3801 866 3863 quae
882 3783 972 3843 iuvet
990 3779 1093 3843 herba
1107 3781 1230 3844 Macer.
