2996 4384
281 328 351 398 140
483 319 734 377 SELECTIONS
765 318 883 376 FROM
914 317 1018 375 OVlD

319 501 477 566 sustinuit
491 503 635 566 coniunx
651 502 773 566 exsulis
789 521 863 565 esse
878 500 948 565 viri.

278 615 323 678 Et
337 615 402 677 iam
419 615 603 697 complerat
618 615 748 696 genitor
765 634 825 677 sua
841 614 921 702 ¹fata,
939 633 1127 697 novemque
1254 639 1284 694 75

320 727 493 791 addiderat
509 726 620 790 lustris
636 728 741 790 altera
758 728 862 790 lustra
877 745 1006 790 novem.

278 841 355 904 Non
372 840 467 904 aliter
482 839 559 903 flevi
576 860 675 923 quam
692 859 745 903 me
761 839 899 903 fleturus
916 839 1073 921 adempto

318 952 374 1015 ille
389 953 461 1016 fuit.
510 953 612 1016 Matri
628 954 778 1035 proxima
794 951 881 1015 iusta
896 950 965 1014 tuli.

276 1064 405 1128 Felices
421 1065 519 1128 ambo
535 1065 800 1147 tempestiveque
817 1063 949 1146 sepulti,

318 1186 395 1240 ante
411 1177 497 1242 diem
515 1197 644 1259 poenae
660 1177 749 1260 quod
765 1176 893 1259 periere
910 1195 1012 1239 meae.

275 1288 333 1352 Me
349 1283 479 1372 quoque
495 1289 638 1366 felicem,
656 1289 745 1372 quod
758 1309 828 1352 non
844 1285 1031 1352 viventibus
1047 1287 1110 1351 illis

318 1420 391 1463 sum
407 1401 516 1478 miser,
533 1411 567 1464 et
582 1401 624 1465 de
641 1421 694 1465 me
710 1401 798 1483 quod
815 1400 951 1464 doluere
966 1401 1056 1463 nihil.

275 1512 311 1576 Si
326 1521 439 1576 tamen
456 1512 625 1576 exstinctis
642 1513 765 1594 aliquid
782 1512 846 1576 nisi
861 1514 997 1576 nomina
1013 1521 1125 1588 restat,

318 1633 352 1688 et
367 1625 500 1706 gracilis
516 1635 660 1688 structos
676 1625 797 1706 effugit
813 1624 931 1717 umbra
946 1645 1064 1706 rogos;

275 1738 375 1814 fama,
394 1738 592 1818 parentales,
610 1737 712 1801 sivos
728 1757 802 1800 mea
819 1732 967 1818 contigit,
985 1737 1132 1813 umbrae,
1251 1749 1299 1816 85Ι

317 1858 351 1913 et
367 1858 445 1912 sunt
460 1849 492 1911 in
511 1848 629 1934 Stygio
645 1850 783 1913 crimina
799 1859 912 1913 nostra
928 1849 1020 1924 foro;

274 1963 365 2038 scite,
383 1982 509 2044 precor,
527 1982 662 2025 causam
677 1959 757 2045 (nec
774 1983 833 2025 vos
850 1962 930 2024 mihi
946 1962 1063 2025 fallere
1080 1961 1132 2024 fas
1148 1965 1215 2046 est)

316 2094 461 2138 errorem
478 2076 596 2151 iussae,
614 2095 682 2137 non
698 2075 816 2151 scelus,
834 2095 907 2138 esse
924 2074 1034 2155 fugae.

275 2186 433 2250 Manibus
449 2187 512 2250 hoc
528 2189 609 2250 satis
625 2196 684 2250 est.
732 2187 789 2250 Ad
804 2207 873 2262 vos,
892 2186 1048 2262 studiosa,
1067 2195 1222 2262 revertor,

317 2308 460 2380 pectora,
479 2301 534 2382 qui
550 2299 638 2362 vitae
654 2299 811 2381 quaeritis
828 2309 903 2362 acta
919 2318 1023 2361 meae.
1250 2325 1282 2375 90

274 2412 345 2474 Iam
363 2411 443 2474 mihi
458 2411 595 2475 canities
612 2412 716 2493 pulsis
732 2411 922 2474 melioribus
939 2412 1035 2474 annis

315 2531 461 2600 venerat,
479 2523 633 2605 antiquas
649 2523 894 2605 miscueratque
911 2543 1033 2598 comas

273 2645 416 2718 postque
432 2655 524 2698 meos
541 2645 632 2699 ortus
650 2635 767 2699 Pisaea
782 2635 914 2700 vinctus
931 2635 1016 2698 oliva

317 2747 500 2811 abstulerat
514 2745 648 2808 deciens
666 2748 816 2827 praemia
832 2747 936 2809 victor
952 2765 1067 2827 equus,

275 2881 351 2924 cum
367 2861 467 2922 maris
485 2859 605 2921 Euxini
620 2859 748 2941 positos
764 2859 806 2921 ad
822 2860 917 2922 laeva
933 2858 1083 2922 Tomitas
1250 2879 1282 2933 95
1328 2911 1331 2916 .

318 2991 477 3055 quaerere
493 2991 546 3034 me
562 2971 643 3035 laesi
659 2971 818 3054 principis
834 2971 883 3034 ira
897 2970 996 3035 iubet.

273 3086 385 3150 Causa
401 3104 495 3148 meae
511 3084 639 3148 cunctis
655 3083 793 3147 nimium
810 3104 941 3166 quoque
957 3093 1036 3147 nota
1051 3084 1167 3146 ruinae

316 3197 437 3262 indicio
453 3217 521 3260 non
537 3207 589 3261 est
604 3196 813 3260 testificanda
829 3217 912 3259 meo.

273 3310 363 3393 Quid
386 3310 530 3374 referam
554 3309 778 3391 comitumque
800 3309 897 3372 nefas
921 3309 1130 3391 famulosque
1152 3328 1208 3371 no

359 3422 487 3486 centis?

316 3537 398 3618 Ipsa
413 3535 517 3597 multa
532 3535 593 3597 tuli
608 3555 675 3597 non
692 3534 814 3598 leviora
830 3535 922 3615 fuga.

274 3649 453 3730 Indignata
471 3647 565 3710 malis
581 3666 676 3710 mens
692 3657 743 3710 est
760 3646 975 3710 succumbere
992 3667 1093 3729 seque

316 3759 481 3844 praestitit
496 3759 653 3822 invictam
669 3758 794 3822 viribus
811 3779 870 3822 usa
887 3760 963 3822 suis.
