2998 4386
129 2899 162 2946 So

127 2975 173 3019 the

128 3049 188 3095 Soul

127 3123 237 3170 remains

128 3198 172 3243 the

128 3283 198 3318 same

324 339 390 428 176
529 348 781 406 SELECTIONS
810 348 929 405 FROM
960 348 1063 407 OVID

321 533 463 615 Prodiga
479 533 610 596 divitias
627 533 851 615 alimentaque
868 533 960 597 mitia
976 534 1074 597 tellus

320 645 470 727 suggerit
480 645 894 728 atqueepulassinecaede
904 655 937 708 et
947 646 1111 727 sanguine
1122 646 1268 728 praebet.

365 759 424 823 “O
442 778 549 838 genus
565 757 742 821 attonitum
759 757 889 839 gelidae
905 758 1083 822 formidine
1099 759 1234 821 mortis!

321 871 410 954 Quid
428 870 543 954 Styga,
561 870 640 952 quid
656 871 813 934 tenebras
829 880 862 934 et
884 871 1018 934 nomina
1033 891 1121 933 vana
1136 870 1268 945 timetis,
1299 897 1329 950 ²5

321 985 493 1046 materiem
509 992 634 1058 vatum,
652 983 795 1066 falsique
811 983 958 1066 pericula
975 982 1114 1046 mundi?

322 1097 472 1177 Corpora
487 1097 557 1158 sive
574 1116 674 1177 rogus
690 1096 826 1158 flamma
842 1117 899 1160 seu
916 1096 993 1160 tabe
1008 1105 1157 1160 vetustas

322 1207 503 1284 abstulerit,
522 1209 610 1271 mala
626 1229 724 1289 posse
742 1207 812 1290 pati
828 1229 895 1271 non
912 1208 979 1271 ulla
996 1209 1128 1290 putetis.

324 1322 433 1384 Morte
445 1329 560 1384 carent
576 1321 715 1396 animae,
733 1340 932 1402 semperque
948 1321 1057 1402 priore
1069 1320 1184 1383 relicta

322 1433 401 1495 sede
417 1434 511 1495 novis
528 1433 681 1495 domibus
693 1432 810 1495 vivunt
827 1433 1044 1515 habitantque
1061 1442 1225 1514 receptae.
1298 1455 1328 1506 30

323 1546 401 1626 lpse
418 1565 481 1626 ego
496 1542 590 1629 (nam
607 1541 758 1630 memini)
772 1547 909 1608 Troiani
924 1554 1074 1628 tempore
1090 1545 1167 1608 belli

323 1657 524 1720 Panthoides
542 1658 744 1738 Euphorbus
762 1678 862 1734 eram,
880 1659 933 1720 cui
949 1668 1084 1739 pectore
1101 1657 1270 1739 quondam

322 1770 430 1833 haesit
445 1771 479 1830 in
495 1770 635 1833 adverso
651 1771 762 1851 gravis
779 1771 876 1833 hasta
893 1772 1027 1833 minoris
1045 1770 1193 1833 Atridae.
1301 1764 1305 1772 ’

322 1881 473 1962 Cognovi
489 1882 643 1963 clipeum,
662 1881 776 1944 laevae
793 1883 981 1963 gestamina
997 1893 1139 1958 nostrae,

321 2014 429 2075 nuper
446 1994 610 2057 Abantels
626 1994 751 2076 templo
769 1994 907 2057 Iunonis
923 1996 957 2066 in
973 1995 1085 2076 Argis.
1298 2013 1329 2065 35

367 2106 519 2170 “Omnia
533 2116 712 2182 mutantur,
726 2107 808 2168 nihil
824 2106 943 2169 interit.
993 2107 1091 2168 Errat
1107 2116 1140 2169 et
1155 2106 1244 2169 illinc

322 2219 386 2280 huc
402 2220 502 2294 venit,
520 2220 598 2281 hinc
614 2218 701 2295 illuc,
716 2228 749 2281 et
765 2218 932 2300 quoslibet
947 2228 1089 2301 occupat
1104 2228 1195 2281 artus

307 2332 472 2411 ·spiritus;
499 2351 583 2412 eque
601 2332 680 2393 ieris
697 2331 844 2393 humana
859 2332 893 2393 in
909 2352 1049 2413 corpora
1065 2332 1192 2407 transit,

321 2442 421 2523 inque
437 2444 526 2505 ieras
542 2453 664 2518 noster,
683 2463 745 2506 nec
762 2451 912 2525 tempore
929 2443 1058 2524 deperit
1073 2443 1149 2506 ullo.

323 2555 436 2636 thue
453 2556 548 2617 novis
565 2554 672 2617 facilis
689 2556 840 2636 signatur
856 2576 933 2618 cera
949 2556 1073 2637 figuris,
1299 2575 1331 2621 40

306 2686 383 2730 nec
399 2676 512 2729 manet
528 2676 565 2730 ut
581 2667 699 2744 fuerat,
717 2688 779 2731 nec
795 2669 939 2732 formam
956 2678 1067 2732 servat
1082 2668 1233 2743 eandem,

322 2779 381 2841 sed
408 2789 519 2841 tamen
551 2780 624 2860 ipsa
652 2780 769 2843 eadem
797 2790 865 2857 est;
902 2782 1046 2843 animam
1070 2781 1116 2842 sic
1140 2800 1272 2860 semper

409 2891 550 2954 eandem

321 3024 404 3079 esse,
422 3004 481 3066 sed
497 3005 531 3066 in
547 3006 656 3067 varias
672 3005 775 3068 doceo
792 3007 935 3087 migrare
951 3006 1084 3086 figuras.

323 3117 422 3197 Ergo,
440 3137 482 3178 ne
499 3118 605 3198 pietas
623 3118 665 3179 sit
679 3119 767 3180 victa
783 3118 938 3199 cupidine
954 3118 1088 3193 ventris,

321 3230 455 3310 parcite,
472 3230 642 3305 vaticinor,
661 3239 822 3311 cognatas
838 3229 941 3293 caede
956 3230 1104 3293 nefanda
1299 3259 1330 3312 45

321 3332 496 3395 exturbare
513 3334 660 3409 animas;
685 3353 747 3396 nec
764 3335 927 3415 sanguine
941 3335 1077 3415 sanguis
1094 3335 1210 3396 alatur.

362 3568 400 3618 23.
422 3557 568 3618 suggerit:
593 3558 708 3620 supplies.
750 3570 787 3620 27.
810 3570 916 3620 rogus:
934 3558 1049 3622 funeral
1062 3557 1270 3620 pyra—tabe:

319 3639 401 3701 decay.
443 3652 483 3701 33.
500 3639 624 3689 minoris
641 3640 784 3688 Atridae:
807 3640 846 3689 i.e.
868 3640 1008 3688 Menelaus.
1044 3652 1082 3703 35.
1105 3639 1269 3688 Abanteis:
1293 3673 1296 3680 .

319 3723 460 3770 Abantean.
495 3735 534 3786 37.
552 3726 649 3770 artus:
657 3725 765 3787 frames.
797 3735 837 3782 40.
852 3735 935 3772 cera:
955 3739 1022 3771 wax.
1055 3734 1096 3786 45.
1108 3721 1269 3770 vaticinor:

320 3807 339 3852 J
357 3821 433 3852 warn
451 3820 512 3866 you.
