2988 4388
308 370 352 440 28
517 381 767 441 SELECTIONS
797 380 913 441 FROM
944 381 1049 442 OVID

306 565 440 628 himina.
489 566 659 649 Purpuree
675 561 803 632 v'eletus
818 579 911 633 veste
928 570 1066 632 sedebat

304 679 339 740 in
356 678 437 740 solio
455 679 609 742 Phoebus
625 680 721 743 cleris
738 681 870 744 lucente
886 682 1080 763 smaragdis
1113 683 1115 688 ’

304 776 339 855 Ᾰ
355 793 470 856 dextra
486 794 646 877 laevique
664 794 747 858 Dies
763 805 797 858 et
814 797 942 858 Mensis
958 805 991 878 et
1004 797 1125 858 Annus
1276 832 1307 886 ²5

304 905 512 988 Saeculaque
527 916 561 968 et
577 907 705 989 positae
722 909 838 989 spatiis
854 907 1047 991 aequelibus
1066 909 1180 972 Horae

303 1019 438 1101 Verque
454 1039 577 1081 novum
595 1019 704 1082 stebat
721 1028 865 1082 cinctum
882 1019 1019 1083 flerente
1036 1026 1167 1096 corena't,
1231 1093 1233 1098 ¹

304 1131 414 1194 stebat
429 1131 519 1193 nuda
536 1131 659 1194 Aestes
676 1142 709 1195 et
725 1141 838 1212 spicea
854 1141 942 1194 serta
958 1133 1104 1214 gerebat,

207 1282 209 1286 -
303 1244 412 1306 stabat
427 1253 462 1307 et
478 1236 671 1307 Autumnus
688 1245 823 1309 calcetis
840 1244 991 1307 sordidus
1007 1252 1089 1320 rivis,

303 1365 338 1419 et
352 1355 500 1437 glacialis
518 1355 638 1419 Hiems
654 1363 755 1419 cenes
773 1357 899 1420 hirsuta
915 1357 1062 1439 capillos.
1274 1380 1306 1430 30

347 1468 432 1531 Inde
449 1469 521 1531 loce
537 1468 666 1531 medius
681 1475 790 1530 rerum
807 1469 952 1532 novitite
968 1478 1146 1551 paventem

303 1580 361 1644 Sol
377 1580 480 1644 oculis
495 1580 651 1643 iuvenem
667 1580 787 1663 quibus
804 1580 922 1662 aspicit
939 1582 1050 1644 omnia
1065 1581 1155 1658 vidit,

304 1692 459 1774 “Quae''
481 1713 546 1775 que
569 1692 672 1756 “viae
696 1692 757 1756 tibi
782 1693 905 1756 causa?
958 1693 1050 1776 Quid
1078 1694 1171 1771 hac,”
1197 1695 1251 1773 ait,

392 1810 410 1836 ‘⁴
420 1825 495 1868 arce
512 1814 632 1886 petisti,

304 1917 489 1999 pregenies‚
505 1917 687 1994 Phaethon,
703 1917 794 1980 haud
810 1917 984 1981 infitianda
1000 1929 1132 2000 parenti
1144 1920 1155 1982 ?
1165 1919 1182 1944 ”

305 2029 367 2093 Ille
382 2029 504 2093 refert:
533 2029 594 2094 “O
612 2030 667 2090 lux
681 2030 836 2093 immensi
852 2030 985 2112 publica
1001 2032 1125 2107 mundi,
1188 2069 1190 2074 ·
1273 2059 1305 2113 35

305 2141 446 2219 Phoebe,
464 2151 567 2224 pater,
585 2151 614 2205 si
629 2142 688 2204 des
704 2142 802 2205 huius
818 2143 900 2205 mihi
915 2133 1058 2206 neminis
1074 2151 1180 2220 usum,

303 2264 444 2336 pignora
460 2255 511 2330 de,
528 2253 667 2336 genitor,
685 2274 746 2336 per
761 2275 847 2338 quae
862 2265 919 2318 tua
935 2263 1014 2318 vera
1029 2263 1181 2338 propege

303 2368 428 2443 credar,
445 2376 478 2430 et
495 2367 583 2430 hunc
600 2365 720 2430 animis
737 2376 881 2430 errorem
899 2367 1036 2431 detrahe
1052 2371 1205 2432 nostris.’'

305 2480 451 2542 Dixerat.
498 2481 547 2542 At
562 2479 692 2561 genitor
708 2481 831 2543 circum
848 2490 949 2562 caput
966 2501 1065 2545 omne
1081 2460 1233 2548 micantis

303 2592 456 2673 deposuit
472 2591 580 2654 radios
597 2592 800 2675 propiusque
816 2594 973 2657 accedere
989 2594 1093 2671 iussit,
1273 2621 1305 2668 40

303 2704 524 2786 amplexuque
540 2704 626 2779 dato,
647 2706 747 2768 “Nec
764 2713 799 2812 τῇ
817 2726 911 2769 meus
928 2727 1002 2770 esse
1018 2715 1135 2788 negeri

303 2816 425 2897 dignus
441 2836 486 2893 eS,
504 2825 538 2879 ct
554 2817 716 2901 Clymene
732 2816 858 2894 veres,'’
876 2819 931 2895 ait,
950 2819 1082 2883 “edidit
1098 2827 1199 2885 ortus.

304 2928 446 3010 Quoque
459 2930 567 2993 minus
580 2927 721 3006 dubites
736 2930 875 3013 quodvis
887 2941 965 3012 pete
977 2938 1108 3009 mimus,
1122 2942 1158 2996 ut
1173 2933 1254 2997 illud

304 3048 357 3103 me
372 3040 538 3104 tribuente
555 3040 665 3117 feres3
688 3041 842 3124 premissi
857 3043 1084 3106 testis-adeste

303 3153 354 3217 dis
370 3152 510 3216 iuranda
526 3153 632 3234 palus,
650 3156 752 3218 oculis
768 3154 937 3236 incegnita
953 3157 1106 3218 nostris'’
1273 3180 1305 3235 45

346 3266 411 3330 Vix
425 3264 512 3329 bene
528 3265 681 3342 desierat,
698 3274 815 3330 curnis
831 3276 928 3348 rogat
943 3268 998 3330 ille
1014 3276 1194 3348 paternos,'

302 3377 402 3460 inque
418 3377 505 3441 diem
521 3378 690 3459 elipedum
707 3378 758 3441 itis
774 3388 808 3441 et
824 3378 1037 3443 moderemen
1054 3389 1223 3463 equorum.

305 3489 470 3554 Paenituit
485 3489 612 3553 iuresse
628 3499 766 3571 patrem.
813 3491 880 3573 Qui
895 3501 1011 3574 terque
1028 3502 1210 3576 quaterque

304 3601 497 3666 concutiens
513 3601 652 3666 inlustre
667 3612 777 3683 caput,
796 3608 814 3634 “
825 3604 1047 3680 Temeraria?
1066 3606 1155 3681 dixit,

306 3720 323 3747 “
333 3723 397 3778 vox
413 3734 488 3777 mea
503 3715 594 3777 facta
610 3721 668 3794 tue
683 3724 742 3777 est.
783 3715 920 3779 Utinam
938 3712 1101 3797 promissa
1117 3717 1231 3780 liceret
1276 3745 1305 3798 50

304 3833 370 3889 nen
388 3827 483 3890 dare!
510 3827 686 3903 Cenfiteor,
701 3827 807 3891 selum
823 3827 885 3891 hec
903 3828 970 3904 tibi,
984 3837 1071 3906 nete,
1085 3820 1252 3912 negzirem.
