2988 4388
606 291 839 364 Puniruou
1062 289 1065 294 ’
1147 313 1192 388 29

245 488 448 551 Dissuadere
464 487 550 551 licet.
598 489 676 551 Non
693 497 743 551 est
759 497 815 551 tua
831 497 903 552 trita
919 491 1083 552 voluntas.

245 601 372 681 Magna
388 600 483 682 petis,
502 601 684 677 Phaethon,
702 610 735 664 et
751 622 836 684 quae
852 622 914 665 nec
930 602 1054 665 viribus
1070 603 1140 665 istis

243 719 381 775 munera
398 711 607 788 conveniant,
625 733 686 776 nec
703 722 771 776 tarn
788 713 969 795 puerilibus
985 724 1091 778 annis.

194 849 223 902 55
243 825 324 889 Sors
339 833 397 887 tua
413 825 578 903 mortalis;
603 834 671 887 nrin
687 835 739 889 est
755 826 894 890 mortale
912 828 1000 910 quod
1017 834 1123 908 optas.

245 937 323 1000 Plus
340 939 438 999 etiarn
455 958 554 1019 quam
572 938 660 1020 quod
678 948 807 1020 superis
825 940 1019 1021 contingere
1036 940 1089 1003 fais
1105 945 1148 1007 sit

243 1051 375 1112 nescius
391 1050 550 1113 adfectas.
600 1050 732 1114 Placeat
750 1050 813 1114 sibi
829 1049 969 1135 quisque
985 1052 1114 1130 licebit;

244 1168 310 1223 non
326 1171 438 1224 tamen
454 1161 597 1244 ignifero
613 1163 789 1246 quisquam
806 1163 987 1227 consistere
1003 1165 1036 1227 in
1054 1185 1115 1228 axe

243 1281 296 1336 me
312 1275 400 1337 valet
416 1283 564 1357 excepti).
611 1276 707 1340 Vasti
723 1295 854 1358 quoque
871 1284 978 1339 rector
994 1277 1141 1362 Olympi,

192 1399 224 1449 60
243 1396 299 1468 qui
314 1386 387 1449 fera
402 1386 539 1450 terribili
557 1387 719 1451 iaculatur
733 1387 875 1450 fulmina
891 1389 1014 1466 dextra,

243 1507 310 1561 non
327 1508 406 1581 agat
422 1499 483 1562 hos
496 1507 620 1564 currus.
652 1501 696 1563 Et
708 1501 787 1586 quid
801 1503 881 1564 Iove
893 1503 999 1564 maius
1012 1501 1195 1566 habemus?

289 1612 436 1674 “Ardua
452 1623 559 1693 prima
574 1614 628 1675 via
643 1623 702 1690 est,
720 1623 753 1676 et
770 1621 835 1696 qua
851 1618 904 1677 vix
920 1622 1018 1679 mane
1034 1624 1185 1679 recentes
1222 1617 1274 1665 Th⁸

244 1731 413 1790 enituntur
429 1734 507 1807 equi
516 1747 523 1802 ;
533 1725 539 1796 l,
550 1725 659 1788 medio
675 1735 726 1789 est
742 1725 903 1789 altissima
919 1728 1019 1801 caelo,
1221 1695 1336 1814 ΨΜ
1372 1739 1381 1757 s

242 1837 332 1900 unde
349 1857 439 1900 mare
456 1847 489 1900 et
505 1845 610 1918 terris
627 1839 691 1920 ipsi
706 1837 787 1901 mihi
803 1859 904 1921 saepe
919 1839 1032 1903 videre
1221 1843 1266 1889 t¹²⁸

193 1969 224 2036 ⁶5
245 1951 283 2012 fit
297 1951 403 2024 timor,
421 1959 454 2013 et
470 1951 591 2032 pavida
608 1950 752 2033 trepidat
767 1951 944 2014 formidine
960 1962 1096 2034 pectus;
1221 1916 1289 1977 way

245 2061 360 2125 ultima
376 2070 484 2144 prona
497 2062 550 2125 via
566 2072 626 2139 est,
645 2072 678 2126 et
694 2072 771 2144 eget
786 2063 1011 2127 moderamine
1027 2073 1136 2140 cert6;

243 2184 323 2238 tunc
340 2175 440 2238 etiam
457 2196 543 2258 quae
559 2183 612 2238 me
629 2176 785 2239 subiectis
801 2175 923 2258 excipit
939 2177 1046 2251 undis,

244 2295 286 2350 ne
302 2288 391 2352 ferar
406 2287 440 2350 in
457 2307 629 2370 praeceps,
648 2289 778 2374 Tethys
794 2289 879 2352 solet
895 2288 967 2370 ipsa
983 2296 1099 2352 vereri.

244 2400 344 2464 Adde
360 2401 448 2484 quod
465 2400 604 2463 adsidua
620 2401 747 2483 rapitur
762 2400 924 2482 vertigine
940 2400 1080 2478 caelum,

194 2541 225 2590 70
245 2513 419 2596 sideraque
435 2512 503 2575 alta
519 2509 621 2574 trabit
636 2512 799 2595 celerique
816 2514 983 2577 volumine
998 2523 1140 2597 torquet.

246 2625 342 2688 Nitor
357 2625 391 2687 in
408 2625 584 2688 adversum
601 2644 663 2688 nec
680 2633 742 2700 mc,
760 2635 817 2707 qui
832 2633 950 2702 ceiera,
967 2627 1070 2689 vincit

244 2735 399 2819 impetus
417 2747 450 2801 et
465 2738 583 2820 rapidi>
600 2737 784 2801 contrarius
802 2738 924 2801 evehor
939 2739 1019 2802 orbi.

289 2849 423 2932 “Finge
435 2850 529 2914 datos
542 2858 658 2914 curnis
670 2871 677 2927 ;
689 2849 768 2933 quid
779 2851 877 2932 ages?
899 2851 1069 2915 Poterisne
1081 2859 1196 2915 rotatis

244 2960 361 3025 obvius
376 2972 423 3026 ire
440 2962 534 3045 polis,
552 2970 595 3026 ne
610 2970 643 3025 te
659 2961 744 3026 citus
761 2963 892 3026 auferat
907 2964 1000 3026 axis?

193 3101 224 3155 75
244 3074 396 3138 Forsitan
415 3085 449 3138 et
465 3076 556 3139 bicos
572 3075 637 3139 illic
654 3075 811 3159 urbisque
827 3076 963 3139 deorum

244 3185 411 3268 concipias
427 3186 546 3263 animo,
565 3186 770 3271 delubraque
786 3187 867 3251 ditia
883 3189 979 3252 donis

244 3299 340 3362 esse?
385 3301 447 3380 Per
461 3275 598 3363 insidias
614 3299 676 3364 iter
692 3309 742 3364 est
758 3301 949 3384 formasque
965 3301 1122 3366 ferarum.

236 3411 359 3494 1thue
376 3413 463 3474 viam
479 3419 594 3476 teneris
611 3413 767 3496 nulleque
784 3422 893 3477 errore
909 3414 1060 3492 traharis,

244 3543 303 3605 per
318 3533 430 3587 tamen
446 3525 577 3588 adversi
591 3524 752 3606 gradieris
769 3546 894 3589 cornua
909 3527 1020 3603 Tauri,

193 3651 225 3701 80
247 3635 520 3719 Haemoniosque
536 3645 642 3712 arctis,
659 3637 861 3720 violentique
876 3646 934 3701 (ira
951 3639 1084 3716 Leonis,

244 3767 411 3830 saevaque
427 3749 565 3811 circuitu
582 3757 776 3813 curvantem
792 3747 948 3813 bracchia
964 3751 1066 3833 longo
