2998 4386
315 247 381 316 168
516 260 766 334 SELECTIONS
796 261 915 320 FROM
946 261 1050 320 OVID

311 442 411 506 Nunc
428 464 559 526 quoque
575 445 641 506 iam
657 447 779 508 veteris
796 455 955 527 percepto
972 447 1099 508 semine
1115 464 1220 508 venae
1286 443 1318 492 ⁶0

309 575 388 617 arva
403 557 512 637 rigent
528 577 608 620 auro
625 558 765 620 madidis
781 559 941 640 pallentia
952 558 1089 640 glaebis,

354 668 415 731 Ille
431 679 569 750 per'osus
585 690 667 750 opes
684 671 783 733 silvas
799 679 833 734 et
848 691 924 733 rura
940 670 1078 746 colebat,

310 782 466 864 Panaque
482 783 649 845 montanis
666 783 871 846 habitantem
889 803 1022 865 semper
1036 784 1071 845 in
1087 784 1200 845 antris.

310 895 435 975 Pingue
452 894 510 957 sed
525 896 696 976 ingenium
710 896 831 958 mansit
845 916 852 972 ;
875 897 1102 978 nocituraque,
1115 905 1151 958 ut
1167 904 1253 971 ante,

307 1027 420 1069 rursus
437 1016 531 1069 erant
547 1007 681 1070 domino
697 1008 818 1071 stultae
835 1008 1029 1090 praecordia
1046 1009 1174 1070 mentis.
1283 1003 1314 1068 65

309 1120 397 1181 Nam
413 1121 500 1182 freta
516 1121 724 1201 prospiciens
741 1121 807 1182 late
823 1122 908 1202 riget
925 1121 1048 1183 arduus
1064 1122 1132 1183 alto

306 1232 445 1295 Tmolus
460 1233 494 1294 in
511 1252 661 1308 ascensu,
679 1233 830 1315 clivoque
845 1242 1002 1296 extensus
1019 1242 1159 1314 utroque

308 1343 467 1407 Sardibus
484 1345 570 1420 hinc,
587 1345 676 1408 illinc
694 1347 805 1426 parvis
821 1347 932 1408 finitur
950 1346 1136 1429 Hypaepis

306 1456 374 1518 Pan
390 1457 435 1518 ibi
451 1457 527 1519 dum
545 1459 668 1520 teneris
683 1458 785 1521 iactat
801 1478 861 1520 sua
876 1459 1024 1520 carmina
1039 1457 1196 1541 nymphis

275 1583 278 1590 ’
304 1578 338 1632 et
354 1570 425 1632 leve
441 1580 552 1632 cerata
565 1570 754 1633 modulatur
769 1570 954 1632 harundine
971 1589 1114 1645 carmen,
1282 1574 1313 1622 ⁷⁰

237 1657 241 1668 ¹
305 1701 405 1743 ausus
420 1681 619 1762 Apollineos
632 1681 712 1763 prae
729 1703 764 1745 se
777 1691 988 1777 contemnere
1005 1691 1132 1758 cantus,

304 1794 411 1857 iudice
428 1794 489 1856 sub
506 1795 625 1857 Tmolo
642 1804 809 1857 certamen
825 1796 917 1857 venit
932 1795 975 1857 ad
990 1795 1106 1876 impar.
1120 1791 1127 1798 ’

350 1907 467 1969 Monte
483 1927 543 1969 suo
560 1906 670 1970 senior
685 1907 784 1970 iudex
799 1907 957 1982 consedit,
975 1916 1008 1970 et
1024 1907 1112 1968 auris

304 2018 421 2081 liberat
438 2018 622 2081 arboribus.
667 2019 802 2100 Quercu
818 2039 914 2082 coma
929 2019 1061 2082 caerula
1077 2027 1206 2081 tantum'

112 2134 200 2192 spon,
265 2199 267 2204 ,
304 2131 457 2212 cingitur,
475 2140 509 2194 et
525 2132 673 2211 pendent
689 2132 812 2194 circum
832 2151 914 2193 cava
929 2140 1080 2212 tempora
1101 2131 1250 2211 glandes.
1281 2145 1311 2197 75

305 2243 405 2326 Isque
422 2243 520 2306 deum
538 2245 667 2324 pecoris
684 2254 847 2323 spectans,
868 2249 885 2274 “
900 2244 940 2305 In
956 2243 1095 2318 iudice,”
1113 2242 1203 2318 dixit,

305 2356 424 2417 “nulla
441 2376 532 2417 mora
547 2355 629 2418 est.''
673 2355 820 2419 Calamis
835 2355 1022 2435 agrestibus
1039 2355 1171 2418 insonat
1186 2354 1251 2430 ille,

302 2467 539 2550 barbaricoque
558 2468 674 2530 Midan
689 2464 820 2549 (aderat
835 2488 913 2558 nam
930 2469 1016 2530 forte
1032 2466 1181 2550 canenti)

302 2581 448 2642 carmine
464 2580 593 2642 delenit.
643 2581 721 2641 Post
738 2579 826 2642 hunc
843 2599 936 2642 sacer
952 2600 1010 2642 ora
1025 2581 1158 2643 retorsit

281 2690 440 2769 *Tmolus
456 2691 498 2753 ad
515 2712 552 2753 os
569 2692 712 2768 Phoebi;
737 2691 865 2754 vultum
882 2712 942 2754 sua
958 2693 1049 2754 silva'
1060 2701 1174 2754 secuta
1189 2701 1248 2756 est.
1278 2705 1293 2753 8

304 2803 364 2865 Ille
381 2813 481 2884 caput
497 2803 617 2865 flavum
634 2803 726 2866 lauro
745 2803 924 2866 Parnaside
939 2805 1069 2866 vinctus

300 2916 400 2977 verrit
417 2915 555 2977 humum
571 2916 673 2998 Tyrio
690 2924 838 2978 saturata
855 2916 978 2978 murice
994 2914 1098 2996 palla;

340 3139 379 3188 60.
400 3140 513 3189 semine
530 3151 639 3188 venae:
666 3140 706 3187 the
722 3139 779 3187 seed
791 3141 822 3205 os
830 3140 869 3187 the
886 3140 954 3196 vein,
968 3139 1007 3188 i.e.
1019 3139 1062 3187 the
1074 3140 1167 3202 golden
1179 3141 1248 3190 saud.

301 3223 340 3271 61.
358 3234 431 3271 auro
442 3223 588 3271 madidis:
606 3221 696 3276 sooked
705 3223 734 3269 in
742 3222 807 3285 gelat
831 3222 871 3282 64.
883 3222 1012 3282 Pingue:
1027 3222 1089 3270 dull.
1114 3223 1153 3286 65.
1165 3235 1249 3284 prae·

300 3305 404 3354 cordia
423 3305 548 3353 mentis:
572 3325 595 3347 =
608 3321 677 3352 mens
688 3304 770 3352 alone.
804 3303 844 3353 66.
865 3304 957 3365 riget:
983 3305 1052 3353 rises.
1086 3304 1126 3368 67.
1150 3304 1246 3354 clivo:

299 3388 370 3450 slope.
414 3399 452 3451 70.
476 3391 579 3437 cerata
599 3387 777 3436 harundine:
803 3387 876 3435 Pan’s
894 3387 953 3451 pipe
971 3403 1021 3435 was
1040 3387 1113 3435 made
1130 3387 1159 3435 of
1181 3389 1250 3436 reeds

296 3469 384 3532 joined
396 3470 512 3532 together
523 3470 584 3519 with
596 3487 663 3518 wax.
698 3485 735 3534 74.
754 3470 891 3530 Quereu:
909 3469 956 3517 oak
967 3471 1069 3519 wreath.
1105 3471 1142 3533 76.
1159 3471 1248 3520 deum

299 3553 435 3614 pecoris:
451 3553 490 3602 i.e.
503 3554 563 3602 Pan.
599 3566 637 3616 77.
656 3553 804 3602 Calamis:
818 3553 890 3601 reeds.
922 3552 961 3602 81.
979 3554 1158 3602 Parnaside:
1174 3555 1247 3619 from

299 3637 451 3684 Parnassus.
491 3635 531 3684 82.
550 3636 658 3684 venit:
683 3635 964 3699 mapa-murice:
992 3636 1094 3699 purple.
1108 3636 1245 3698 -palla:

299 3717 361 3766 robe.
