2996 4384
432 327 520 386 THE
550 280 776 386 sOUNDING
806 328 859 386 OF
888 328 1009 386 ROME
1126 337 1189 386 111

187 524 216 578 Ι5
245 512 351 576 Fossa
366 512 513 594 repletur
529 513 639 588 hum0,
652 512 844 594 plenaeque
860 509 1041 594 imponitur
1057 529 1124 587 ara,

287 634 320 688 et
336 645 442 688 novus
457 645 598 688 accenso
615 624 767 705 fungitur
782 623 861 705 igne
877 624 981 687 focus.

245 736 329 801 Inde
345 757 501 818 premens
518 738 636 800 stivam
652 735 807 817 designat
823 735 954 799 moenia
970 735 1081 809 sulco;

287 849 363 912 alba
379 849 492 931 iugum
509 851 605 913 niveo
621 869 696 911 cum
712 848 798 912 bove
814 868 915 912 vacca
930 847 1014 911 tulit.

243 962 318 1024 Vox
333 961 397 1024 fuit
413 961 495 1025 haec
511 961 620 1043 regis:
645 966 665 994 “
676 961 852 1036 Condenti,
871 961 1033 1043 Iuppiter,
1051 959 1177 1037 urbem,
1210 979 1257 1027 nir

186 1086 217 1123 ²0
287 1081 321 1135 et
336 1073 466 1154 genitor
483 1075 618 1136 Mavors
633 1075 806 1154 Vestaque
822 1083 938 1148 mater,
955 1073 1044 1137 ades.
1210 1053 1307 1115 ΡΜ

244 1184 404 1267 Quosque
420 1185 511 1266 pium
528 1195 579 1248 est
595 1185 753 1248 adhibere
770 1185 860 1261 deoS,
879 1184 1040 1249 advertite
1057 1185 1176 1250 cuncti.

287 1297 491 1379 Auspicibus
506 1297 599 1360 vobis
616 1297 678 1361 hoc
694 1296 776 1359 mihi
791 1306 906 1379 surgat
922 1318 1015 1379 opus.

245 1410 365 1490 Longa
381 1408 423 1471 sit
439 1408 514 1472 huic
531 1418 624 1471 aetas
639 1408 860 1490 dominaeque
876 1411 1026 1490 potentia
1041 1418 1158 1486 terrae,

286 1521 394 1603 sitque
411 1521 473 1584 sub
489 1521 551 1584 hac
568 1519 678 1584 oriens
693 1520 917 1602 occiduusque
932 1521 1035 1584 dies”

186 1655 216 1708 25
244 1634 305 1697 ille
322 1631 529 1716 precabatur.
576 1633 718 1696 Tonitru
733 1633 825 1696 dedit
840 1632 951 1696 omina
968 1633 1062 1697 laevo
1209 1645 1263 1692 rue

288 1745 448 1828 Iuppiter,
465 1753 499 1809 et
516 1744 611 1809 laevo
627 1745 767 1808 fulmina
783 1745 886 1808 missa
901 1746 986 1828 polo.
1208 1719 1340 1842 ξξξζωθ

243 1857 396 1941 Augurio
412 1859 490 1921 laeti
506 1857 631 1921 iaciunt
647 1857 844 1920 fundamina
859 1857 958 1934 cives,
1186 1847 1189 1851 ’

285 1981 319 2034 et
334 1991 441 2035 novus
458 1972 578 2053 exiguo
594 1981 744 2053 tempore
761 1991 875 2034 murus
891 1981 970 2034 erat.
1019 1957 1021 1962 ⁵

128 2093 130 2096 ’
244 2084 319 2147 Ηοε
335 2084 433 2149 Celer
449 2092 545 2166 urget
561 2104 655 2165 opus
668 2103 767 2166 quem
781 2083 944 2147 Romulus
960 2084 1034 2164 ipse
1045 2092 1190 2159 vocarat,

184 2217 216 2268 30
286 2196 419 2262 “Sint”
436 2217 511 2280 qne,
531 2203 549 2230 “
560 2197 667 2273 Celer,
687 2197 815 2273 curae,”
833 2195 969 2271 dixerat,
989 2197 1081 2258 “ista
1103 2205 1191 2259 tuae.

243 2309 338 2373 Neve
354 2309 429 2392 quis
444 2320 502 2373 aut
516 2329 629 2373 muros
645 2318 703 2372 aut
718 2309 841 2372 iactam
859 2323 993 2372 vomere
1009 2309 1135 2371 fossam

284 2431 442 2499 transeat,
456 2421 634 2486 audentem
652 2421 730 2485 talia
746 2421 831 2484 dede
846 2419 951 2483 neci.’'

242 2533 343 2616 Quod
361 2535 487 2598 Remus
503 2533 662 2616 ignorans
678 2532 811 2596 humilis
827 2540 1041 2596 contemnere
1057 2551 1171 2594 muros

286 2645 395 2728 coepit
410 2655 453 2722 et,
471 2645 567 2709 “His
583 2645 759 2729 populus,'’
777 2645 897 2720 dicere,
916 2650 1036 2707 “tutus
1052 2643 1164 2707 erit?’'

183 2771 214 2825 35
243 2758 315 2822 Nec
331 2779 433 2834 mora,
449 2757 623 2822 transiluit.
669 2758 775 2821 Rutro
793 2757 889 2822 Celer
904 2765 1046 2839 occupat
1062 2776 1188 2819 ausum.
1208 2768 1303 2817 nemus

286 2871 347 2935 llle
363 2871 483 2952 premit
499 2870 616 2934 duram
632 2869 908 2952 sanguinolentus
925 2869 1072 2931 humum.
1207 2843 1273 2891 '¹²¹¹'

243 2983 339 3046 Haec
355 2972 484 3047 ubirex
500 2982 623 3057 didicit,
640 2981 793 3045 lacrimas
809 2981 971 3045 introrsus
987 2982 1120 3045 obortas

284 3095 422 3159 devorat
437 3105 471 3158 et
486 3094 636 3158 clausum
653 3103 788 3176 pectore
803 3095 924 3157 vulnus
941 3092 1050 3156 habet.

242 3206 340 3272 Flere
355 3206 466 3290 palam
483 3225 549 3270 non
565 3207 638 3270 vult
652 3206 872 3288 exemplaque
889 3204 989 3268 fortia
1004 3213 1124 3280 servat,

181 3330 213 3379 40
286 3318 371 3384 “Sic
382 3319 400 3345 ''
417 3339 482 3407 que
499 3324 620 3383 “meos
636 3339 748 3385 muros
763 3327 912 3382 transeat
929 3317 1064 3394 hostis,''
1082 3316 1135 3380 ait.

242 3433 311 3495 Dat
326 3440 437 3494 tamen
455 3433 648 3514 exsequias;
672 3451 735 3494 nec
750 3433 816 3493 iam
834 3429 1039 3512 suspendere
1056 3429 1172 3494 fletum

284 3545 434 3619 sustinet,
451 3553 485 3606 et
500 3543 607 3624 pietas
623 3542 830 3629 dissimulata
846 3551 949 3625 patet.
1056 3586 1058 3592 ,

241 3655 432 3738 Osculaque
448 3655 610 3737 applicuit
625 3656 734 3737 posito
751 3674 907 3736 suprema
925 3653 1049 3717 feretro

147 3830 148 3834 ,
266 3785 269 3789 ’
283 3776 383 3850 atque
400 3767 454 3844 ait,
473 3773 491 3802 ‘⁴
503 3768 613 3830 Invito
629 3767 733 3830 frater
749 3767 914 3850 adempte,
932 3766 1038 3830 vale.''
