2996 4384
113 493 233 543 Hercules

114 570 187 629 alays

113 643 213 692 Nessus

110 1519 229 1567 Hercules

110 1595 181 1641 leads

109 1669 159 1714 Iole

109 1743 211 1802 captivo

107 2639 249 2698 Dejanita’s

108 2714 257 2776 Perplexity

310 305 352 371 88
514 315 765 373 SELECTIONS
795 316 917 373 FROM·
944 316 1048 374 OVID

307 516 342 560 re
358 497 486 578 probat,
504 507 538 561 et
554 497 655 561 missa
671 498 833 581 fugientia
849 508 944 581 terga
959 501 1082 581 sagitta
1285 514 1314 568 ²5

306 609 423 673 traicit.
471 611 634 674 Exstabat
649 611 774 674 ferrum
792 611 833 674 de
850 621 985 695 pectore
1002 612 1177 676 aduncum.

285 722 406 805 *Quod
434 723 532 785 simul
559 723 709 786 evulsum
738 733 798 800 est,
827 723 964 806 sanguis
991 745 1051 807 per
1078 734 1255 810 utrumque

392 836 543 899 foramen

304 948 438 1012 emicuit
454 947 574 1011 mixtus
593 941 735 1011 Lernaei
750 949 826 1012 tabe
842 949 971 1012 veneni.
1063 1012 1065 1017 .

306 1060 439 1142 Excipit
471 1061 559 1123 hunc
593 1060 731 1123 Nessus.
784 1061 931 1144 “Neque
959 1061 1046 1126 enim
1078 1063 1256 1127 moriemur

392 1171 518 1250 inulti,”

304 1305 418 1348 secum
435 1285 488 1361 ait,
506 1294 540 1348 et
555 1284 662 1349 calido
677 1285 843 1348 velamina
859 1285 963 1349 tincta
978 1307 1095 1350 cruore
1283 1323 1314 1373 30

304 1376 362 1460 dat
377 1418 497 1460 munus
514 1407 629 1480 raptae
646 1398 737 1461 velut
752 1383 929 1461 inritamen
945 1398 1075 1462 amoris.

350 1511 469 1592 Longa
485 1510 549 1573 fuit
561 1509 661 1573 medii
678 1530 769 1573 mora
785 1511 954 1592 temporis,
972 1521 1111 1594 actaque
1127 1511 1240 1593 magni

307 1606 463 1686 Herculis
478 1623 656 1704 implerant
672 1631 786 1700 terras,
804 1623 983 1706 odiumque
999 1644 1170 1688 novercae.

305 1735 420 1800 Victor
435 1735 478 1797 ab
495 1735 657 1800 Oechalia
673 1736 806 1800 Cenaeo
822 1755 916 1798 sacra
932 1736 1072 1817 parabat

303 1857 381 1911 vota
399 1848 478 1924 lovi,
496 1868 571 1911 cum
588 1848 679 1910 fama
695 1848 815 1931 loquax
832 1847 1012 1929 praecessit
1028 1847 1070 1911 ad
1087 1849 1184 1926 auris,
1281 1873 1312 1927 35

305 1961 472 2037 Deianira,
491 1969 574 2036 tuas,
592 1981 677 2043 quae
693 1960 780 2024 veris
795 1960 919 2023 addere
935 1961 1023 2024 falsa

302 2073 426 2154 gaudet
442 2082 475 2136 et
490 2093 509 2137 e
525 2072 661 2137 minimo
678 2094 738 2137 sua
754 2094 814 2155 per
831 2073 1004 2137 mendacia
1020 2073 1138 2137 crescit
1193 2091 1194 2094 ’

303 2185 629 2270 Amphitryoniaden
648 2186 737 2249 Ioles
753 2186 871 2249 ardore
888 2186 1001 2249 teneri.

302 2297 418 2362 Credit
433 2318 559 2373 amans,
577 2298 774 2380 venerisque
792 2319 898 2362 novae
916 2301 1091 2381 perterrita
1106 2301 1198 2364 fama

301 2410 436 2474 indulsit
454 2411 560 2492 primo
577 2411 720 2474 lacrimis
737 2411 914 2494 flendoque
931 2408 1092 2476 dolorem
1279 2434 1311 2481 40

301 2523 436 2586 diffudit
446 2510 634 2586 miseranda
645 2544 749 2587 suum.
781 2527 860 2588 Mox
870 2525 999 2602 deinde,
1013 2525 1128 2608 “Quid
1139 2535 1250 2590 autem

301 2636 418 2699 flemus
430 2636 466 2698 ?”
484 2637 537 2698 ait.
587 2635 718 2718 “Virgo
734 2636 878 2700 lacrimis
896 2637 1072 2702 laetabitur
1087 2641 1167 2702 istis.

301 2735 396 2832 Quae
420 2748 577 2831 quoniam
602 2748 765 2826 adveniet,
789 2751 1036 2832 properandum
1060 2751 1250 2835 aliquidque

387 2860 576 2924 novandum
594 2871 653 2937 est,
1097 2871 1099 2874 '

300 2974 379 3038 dum
397 2974 473 3036 licet
488 2982 521 3036 et
537 2973 684 3037 nondum
695 2974 867 3039 thalamos
882 2984 974 3056 tenet
989 2976 1092 3040 altera
1107 2985 1247 3039 nostros.

300 3088 493 3168 Conquerar
501 3107 543 3148 an
556 3085 690 3149 sileam?
712 3088 876 3169 Repetam
888 3087 1069 3173 Calydona,
1079 3088 1249 3151 morerne?
1277 3104 1308 3158 45

301 3200 469 3262 Excedam
486 3199 604 3262 tectis?
645 3201 711 3275 An,
729 3200 757 3262 si
773 3199 853 3262 nihil
870 3201 1022 3282 amplius
1039 3200 1189 3263 obstem?

300 3311 390 3394 Quid
407 3312 435 3374 si
452 3332 514 3388 me,
534 3313 714 3394 Meleagro,
732 3322 823 3375 tuam
841 3332 968 3375 memor
983 3332 1056 3375 esse
1073 3333 1219 3376 sororem

299 3426 386 3488 forte
403 3446 484 3506 paro
500 3425 640 3501 facinus
658 3435 885 3507 quantumque
901 3425 1020 3487 iniuria
1036 3427 1141 3507 possit

298 3537 531 3620 femineusque
546 3538 640 3600 dolor
655 3539 804 3619 iugulata
819 3537 947 3619 virgine
963 3545 1067 3600 testor
1078 3537 1089 3600 ?
1100 3538 1118 3562 '⁹

343 3651 384 3713 In
401 3670 521 3717 cursus,
533 3651 664 3712 animus
681 3649 789 3712 varios
805 3648 892 3725 abit;
917 3648 1070 3712 omnibus
1085 3649 1149 3714 illis
1279 3676 1309 3732 50

299 3761 457 3848 praetulit
472 3761 633 3825 imbutam
651 3762 780 3825 Nesseo
797 3761 960 3842 sanguine
976 3770 1104 3826 vestem
