2996 4384
454 357 542 414 THE
573 358 762 416 mnnunss
794 359 847 415 on
875 358 952 415 nvo
1117 367 1184 440 159

232 549 332 622 teque
349 540 462 604 ferens
478 561 618 624 parvum
634 541 741 618 nudis,
761 541 943 619 Melicerta,
962 542 1094 606 lacertis

234 656 252 684 “
265 653 382 716 Euhoe
397 654 529 716 Bacche
540 654 558 678 '’
576 663 681 717 sonat,
730 653 855 718 Bacchi
871 655 933 717 sub
950 655 1084 717 nomine
1102 654 1187 715 Iuno

233 763 304 827 risit
319 773 361 840 et,
381 765 485 828 “Hos
502 786 582 828 usus
598 775 745 848 praestet
760 766 849 843 tibi,'’
868 767 957 844 dixit,
974 767 1185 830 “alumnus''

172 903 204 956 45
279 877 436 941 Imminet
451 879 650 959 aequoribus
666 880 831 961 scopulus
871 882 950 942 Pars
967 879 1033 942 ima
1049 890 1187 943 cavatur
1203 895 1246 942 1110

232 992 387 1055 fluctibus
403 1001 437 1055 et
452 1001 558 1055 tectas
574 992 726 1056 defendit
746 993 787 1055 ab
804 979 964 1056 imbribus
980 994 1096 1069 undas,
1202 971 1293 1092 {¹51¹}oe
1294 1047 1335 1092 m

232 1126 362 1169 summa
371 1107 457 1186 riget
469 1106 680 1188 frontemque
692 1105 725 1168 in
737 1116 890 1188 apertum
901 1106 1041 1189 porrigit
1051 1127 1183 1188 aequor.
1202 1121 1274 1179 leap·
1295 1181 1297 1185 Α

233 1219 388 1301 Occupat
403 1218 492 1281 hunc
507 1215 601 1302 (viris
617 1218 747 1281 insania
764 1218 908 1304 fecerat)
926 1221 997 1296 In0,
1202 1196 1256 1316 {¹:¹2⁰

232 1352 334 1414 seque
351 1352 451 1412 super
466 1340 606 1413 pontum
623 1332 714 1395 nullo
731 1332 862 1395 tardata
873 1334 995 1406 'timore
1162 1345 1166 1354 ’
1204 1345 1255 1392 sea

175 1467 205 1520 50
233 1443 333 1507 mittit
348 1465 499 1527 onusque
517 1466 621 1508 suum.
672 1445 833 1508 Percussa
851 1446 1025 1509 recanduit
1042 1445 1142 1507 unda.

232 1557 281 1620 At
296 1559 413 1621 Venus
425 1557 609 1620 immeritae
625 1557 735 1639 neptis
752 1558 908 1621 miserata
924 1558 1054 1620 labores

233 1669 279 1733 sic
296 1679 415 1751 patruo
430 1669 582 1733 blandita
598 1691 657 1734 suo
674 1679 743 1733 est:
770 1675 787 1702 “
799 1671 830 1735 O
848 1691 972 1734 numen
989 1690 1160 1752 aquarum,

233 1783 382 1863 proxima
398 1784 450 1846 cui
467 1785 559 1847 caelo
575 1784 683 1859 cessit,
704 1784 872 1864 Neptune,
892 1793 1051 1864 potestas

233 1915 356 1976 magna
372 1896 506 1978 quidem
524 1916 634 1978 posc0,
652 1896 712 1959 sed
728 1906 764 1960 tu
781 1896 937 1959 miserere
954 1915 1112 1969 meorum,

176 2029 205 2083 55
232 2006 348 2069 iactari
364 2028 447 2090 quos
464 2009 572 2071 cernis
588 2009 621 2071 in
641 2009 736 2071 Ionio
751 2008 924 2084 immenso,

233 2129 267 2183 et
282 2119 332 2182 dis
349 2121 434 2210 adde
450 2120 524 2183 tuis.
573 2120 699 2203 Aliqua
715 2131 749 2185 et
765 2121 846 2183 mihi
861 2121 969 2203 gratia
985 2128 1088 2202 ponto
1104 2129 1164 2196 est,

234 2231 261 2294 si
276 2242 388 2296 tamen
405 2233 438 2295 in
455 2233 509 2296 dio
527 2234 695 2316 quondam
714 2242 870 2297 concreta
887 2233 1054 2314 profundo

234 2365 353 2426 spuma
368 2346 426 2422 fui,
445 2345 647 2429 Graiumque
665 2355 777 2409 manet
794 2345 875 2408 mihi
891 2364 1011 2407 nomen
1027 2343 1068 2406 ab
1086 2344 1171 2406 illa.”

234 2456 365 2520 Adnuit
380 2460 487 2521 oranti
506 2459 685 2540 Neptunus
702 2468 735 2521 et
753 2457 889 2521 abstulit
906 2456 969 2519 illis
1205 2432 1304 2553 ἔξω

174 2579 206 2628 60
234 2570 324 2651 quod
344 2571 483 2633 mortale
500 2570 572 2646 fuit,
592 2570 866 2652 maiestatemque
882 2568 1063 2632 verendam
1205 2581 1341 2628 Divinitas

233 2682 400 2764 imposuit,
418 2702 606 2765 nomenque
625 2682 721 2746 simul
738 2681 927 2764 faciemque
944 2682 1087 2756 novavit,

236 2795 493 2878 Leucotheeque
509 2795 608 2858 deum
625 2815 700 2859 cum
716 2804 821 2858 matre
839 2794 1039 2857 Palaemona
1055 2792 1144 2855 dixit.

277 2991 318 3040 43.
335 2977 441 3028 Euhoe
457 2977 594 3028 Bacche:
614 2977 748 3026 aBaccbic
759 2993 809 3041 cry.
843 2992 884 3039 44.
902 2980 1052 3038 praestet:
1073 2976 1166 3024 render
1174 2993 1186 3031 ,-

234 3061 345 3124 optative
354 3060 416 3123 subj.
424 3087 457 3097 -
465 3061 616 3110 alumnus:
638 3061 685 3109 Ino
694 3060 745 3110 had
757 3060 808 3108 had
821 3060 914 3121 charge
927 3060 956 3108 of
970 3058 1084 3107 Bacchus
1096 3059 1187 3120 during

235 3142 273 3191 his
291 3144 398 3206 insancy.
426 3144 575 3208 47.1iget:
595 3144 779 3210 listsitselsup.
814 3155 853 3207 50.
872 3142 1044 3192 recanduit:
1063 3141 1190 3189 whitened

235 3227 295 3274 with
306 3228 386 3292 strant.
421 3237 460 3290 51.
485 3225 600 3288 neptis:
621 3226 838 3290 granddauglzter.
884 3236 923 3289 52.
951 3215 1081 3285 patruo:¹
1106 3224 1185 3272 uncle.

234 3309 411 3359 —blandita
434 3312 497 3358 est:
528 3309 625 3358 coaxed.
666 3308 706 3374 56.
734 3308 831 3357 adde:
861 3323 952 3356 socos.
995 3306 1035 3372 58.
1063 3306 1185 3356 Graium

234 3403 356 3441 nomen:
376 3390 415 3439 ie.
427 3389 577 3454 Aphrodite,
592 3391 656 3439 from
668 3389 752 3451 ἀφρός,
762 3391 843 3455 soum.
878 3390 917 3438 62.
929 3388 1105 3438 Leucothoe
1117 3401 1186 3437 eum

234 3476 343 3522 matre:
363 3473 461 3521 instead
473 3473 502 3520 of
516 3479 540 3521 et
550 3480 656 3520 nratrem
669 3472 827 3520 Leucotheen.
