2988 4388
80 1522 132 1568 The

80 1597 147 1642 Fire·

80 1672 213 1730 breath'ng

80 1746 152 1791 Bulls

274 305 319 391 78
484 311 734 370 SELECTIONS
765 311 882 368 FROM
913 311 1017 368 OVlD

273 491 327 558 ille
344 496 436 570 deae,
454 497 595 578 lucoque
611 497 699 558 foret
714 495 804 577 quod
820 514 943 557 numen
960 495 993 557 in
1009 495 1075 571 illo,
1252 510 1282 560 95

274 627 400 689 perque
416 618 544 690 patrem
562 608 667 671 soceri
683 616 874 670 cernentem
891 617 1011 670 cuncta
1027 607 1139 683 futuri,

274 729 480 802 eventusque
496 741 573 783 suos
589 730 623 783 et
637 729 731 782 tanta
748 720 894 800 pericula
909 720 1004 782 iurat.

274 832 428 895 Creditus
444 833 572 914 accepit
588 843 739 895 cantatas
756 833 907 914 protinus
924 831 1052 907 herbas,

273 944 473 1026 edidicitque
489 965 595 1020 usum,
614 945 786 1026 laetusque
802 946 836 1006 in
853 954 941 1006 tecta
957 944 1102 1008 recessit.

318 1058 453 1119 Postera
469 1058 643 1138 depulerat
661 1059 774 1120 stellas
790 1077 909 1119 aurora
925 1057 1095 1132 micantis;

273 1169 474 1232 conveniunt
490 1169 605 1250 populi
622 1189 751 1232 sacrum
771 1170 931 1231 Mavortis
948 1169 981 1231 in
998 1189 1113 1231 arvum

272 1283 524 1363 consistuntque
540 1281 635 1362 iugis,
685 1282 799 1344 Medio
814 1302 872 1344 rex
887 1281 958 1362 ipse
975 1280 1097 1343 resedit

272 1393 405 1474 agmine
422 1414 610 1475 purpureus
627 1403 830 1476 sceptroque
842 1393 982 1474 insignis
998 1393 1134 1456 eburno,

274 1506 361 1568 Ecce
378 1495 584 1568 adamanteis
600 1507 788 1568 Volcanum
805 1505 940 1567 naribus
957 1505 1071 1567 efflant

272 1619 445 1698 aeripedes
462 1618 556 1693 tauri,
574 1627 750 1700 tactaeque
766 1618 944 1699 vaporibus
961 1617 1083 1680 herbae
1237 1629 1281 1681 ¹05

272 1731 398 1792 ardent.
447 1732 561 1812 thue
578 1731 686 1792 solent
704 1729 794 1810 pleni
810 1750 964 1792 resonare
981 1731 1110 1804 camini,

272 1852 329 1905 aut
347 1843 401 1904 ubi
417 1853 548 1905 terrena
565 1842 672 1904 silices
689 1843 826 1904 fornace
843 1842 940 1904 soluti

272 1955 463 2036 concipiunt
480 1955 591 2034 ignem
608 1955 805 2035 liquidarum
823 1955 999 2034 aspergine
1016 1974 1192 2034 aquarum;

272 2077 406 2147 pectora
423 2067 469 2129 sic
485 2067 574 2128 intus
591 2066 721 2128 clausas
736 2066 902 2128 volventia
918 2065 1068 2127 flammas

271 2188 472 2260 gutturaque
511 2188 586 2240 usta
624 2187 753 2240 sonant.
816 2178 945 2240 Tamen
982 2178 1046 2239 illis
1084 2179 1220 2240 Aesone

358 2300 456 2353 natus
1236 2309 1280 2343 no

271 2403 387 2465 obvius
404 2405 437 2464 it.
485 2404 624 2466 Vertere
641 2412 752 2482 truces
767 2401 929 2465 venientis
945 2403 987 2464 ad
1004 2422 1061 2464 ora

269 2515 423 2577 terribilis
439 2517 550 2576 vultus
567 2515 778 2595 praefixaque
795 2535 919 2576 cornua
934 2514 1033 2590 ferro,

270 2628 529 2708 pulvereumque
546 2627 651 2689 solum
669 2627 755 2708 pede
772 2627 945 2707 pulsavere
961 2625 1098 2702 bisulc0,

270 2739 492 2821 fumificisque
508 2739 616 2801 locum
634 2738 815 2818 mugitibus
831 2738 1061 2819 impleverunt.

316 2851 499 2931 Deriguere
517 2860 606 2912 metu
625 2851 770 2934 Minyae.
819 2850 914 2914 Subit
929 2850 984 2912 ille
1000 2871 1061 2913 nec
1078 2851 1164 2931 ignis
1233 2882 1276 2932 115

271 2965 371 3026 sentit
386 2964 559 3026 anhelatos
574 2960 719 3045 (tantum
737 2962 956 3025 medicamina
972 2964 1136 3047 possunt),

270 3076 480 3157 pendulaque
497 3075 614 3138 audaci
631 3076 753 3138 mulcet
768 3075 913 3156 palearia
929 3076 1052 3151 dextra,

270 3189 524 3270 suppositosque
540 3190 619 3268 iugo
636 3188 766 3269 pondus
784 3208 885 3268 grave
901 3187 990 3268 cogit
1006 3190 1105 3251 aratri

269 3301 390 3363 ducere
406 3310 439 3362 et
455 3301 620 3363 insuetum
636 3301 726 3363 ferro
743 3301 956 3381 proscindere
972 3321 1136 3382 campum.

271 3415 436 3475 Mirantur
453 3413 568 3477 Colchi
578 3435 584 3490 ;
612 3415 749 3497 Minyae
765 3412 964 3475 clamoribus
980 3422 1104 3493 augent
1232 3438 1276 3471 120

270 3526 481 3607 adiciuntque
497 3526 632 3588 animos.
681 3526 785 3590 Galea
800 3535 871 3588 tum
888 3525 987 3588 sumit
1003 3533 1087 3587 aena

269 3640 420 3720 vipereos
437 3639 545 3701 dentis
561 3648 595 3702 et
611 3648 719 3700 aratos
736 3640 863 3720 spargit
879 3640 912 3699 in
930 3658 1036 3718 agros

270 3751 404 3815 Semina
421 3751 525 3813 mollit
541 3751 661 3812 humus
677 3750 785 3812 valido
803 3750 986 3831 praetincta
1002 3770 1140 3825 venen0,
