2988 4388
99 1502 185 1549 Venus

99 1578 232 1623 addresses

100 1651 178 1708 cupid

295 294 339 383 58
504 303 756 361 SELECTIONS
786 304 904 361 FROM
935 304 1039 361 OVID

293 484 376 549 Inde
393 486 505 548 tremit
520 487 627 562 tellus,
646 497 679 550 et
695 507 751 550 rex
768 496 868 568 pavet
884 487 955 568 ipse
972 487 1136 563 silentum,

290 619 333 662 ne
350 607 463 679 pateat
480 599 613 680 latoque
631 599 736 662 solum
753 609 922 680 retegatur
939 599 1042 674 hiatu,

289 713 523 792 immissusque
542 711 612 773 dies
630 710 828 798 trepidantis
844 720 967 774 terreat
984 711 1126 774 umbras.

292 825 391 886 Hanc
411 833 563 885 metuens
581 823 710 886 cladem
728 823 905 886 tenebrosa
923 823 1002 886 sede
1018 832 1180 908 tyrannus

290 937 422 1012 exierat,
441 955 604 1018 curruque
623 945 769 998 atrorum
786 945 901 999 vectus
917 956 1078 1017 equorum
1274 958 1305 994 20

290 1048 437 1112 ambibat
453 1049 585 1112 Siculae
602 1056 720 1110 cautus
736 1047 933 1110 fundamina
949 1056 1065 1110 terrae.

336 1163 514 1243 Postquam
532 1161 740 1242 exploratum
759 1159 839 1222 satis
855 1169 906 1223 est
923 1161 996 1222 loca
1010 1159 1102 1222 nulla
1117 1159 1229 1223 labare

290 1273 500 1355 depositique
517 1283 633 1348 metus,
654 1273 744 1335 videt
761 1272 849 1334 hunc
868 1273 1014 1355 Erycina
1029 1281 1207 1353 vagantem

291 1396 404 1448 monte
421 1407 481 1448 suo
497 1385 660 1462 residens;
690 1395 873 1466 natumque
896 1385 1048 1466 amplexa
1065 1385 1242 1460 volucrem,

294 1503 312 1530 “
322 1496 429 1560 Arma
439 1518 623 1580 manusque
644 1518 745 1573 meae,
760 1517 842 1573 mea,
856 1506 943 1571 nate,
959 1497 1139 1578 potentia,''
1152 1496 1242 1573 dixit,
1272 1519 1302 1571 ²5

293 1612 378 1674 “illa
393 1611 513 1694 quibus
529 1631 667 1691 superas
683 1609 790 1673 omnis
807 1630 889 1690 cape
906 1609 981 1685 tela,
1000 1608 1140 1690 Cupido,
1188 1689 1193 1694 ⁴

291 1723 392 1806 inque
409 1723 461 1786 dei
478 1733 595 1804 pectus
612 1722 728 1786 celeris
744 1721 858 1785 molire
876 1723 1023 1803 sagittas,

292 1836 345 1898 cui
360 1835 497 1917 triplicis
513 1837 612 1898 cessit
630 1835 765 1897 fortuna
782 1834 962 1896 novissima
977 1832 1081 1914 regni.

292 1949 345 2011 Tu
362 1968 499 2029 superos
515 1947 691 2029 ipsumque
709 1948 832 2022 Iovem,
850 1956 886 2009 tu
903 1945 1039 2008 numina
1055 1945 1148 2026 ponti

291 2062 379 2124 victa
394 2061 519 2135 domas,
536 2061 713 2141 ipsumque
729 2059 815 2141 regit
831 2061 886 2141 qui
903 2060 1039 2122 numina
1056 2061 1158 2140 ponti.
1270 2072 1302 2124 30

292 2174 433 2235 Tartara
444 2173 524 2254 quid
536 2172 690 2235 cessant?
730 2173 797 2236 Cur
809 2192 876 2235 non
890 2171 1067 2254 matrisque
1083 2181 1199 2253 tuumq

291 2285 466 2367 imperium
483 2285 636 2365 profers?
676 2284 801 2365 Agitur
817 2305 894 2364 pars
910 2284 1007 2347 tertia
1023 2285 1145 2346 mundi.

293 2399 338 2460 Et
353 2406 464 2460 tamen
480 2396 513 2458 in
531 2396 623 2458 caelo
638 2377 739 2478 (quae
757 2395 822 2458 iam
840 2396 1002 2477 patientia
1018 2406 1131 2458 nostra
1146 2393 1213 2478 est)

293 2511 487 2596 spernimur,
506 2529 544 2571 ac
561 2528 690 2570 mecum
708 2509 794 2570 vires
812 2508 1004 2571 minuuntur
1020 2509 1165 2571 Amoris.

294 2621 429 2685 Pallada
444 2641 555 2683 nonne
571 2620 664 2683 vides
681 2621 971 2702 iaculatricemque
990 2622 1133 2683 Dianam
1270 2632 1301 2685 3⁵

292 2733 494 2797 abscessisse
511 2732 612 2794 mihi?
659 2733 789 2796 Cereris
804 2753 936 2814 quoque
952 2733 1019 2795 filia
1034 2733 1137 2814 virgo,

293 2846 321 2909 si
337 2845 510 2926 patiemur,
527 2845 597 2908 crit.
646 2845 734 2906 Nam
752 2865 830 2926 spes
846 2845 994 2907 adfectat
1010 2846 1153 2908 easdem.

293 2959 341 3021 At
356 2968 392 3020 tu
410 2978 470 3038 pro
487 2957 585 3033 socio„
605 2956 632 3020 si
648 2977 714 3039 qua
729 2966 781 3020 est
796 2977 836 3020 ea
851 2956 966 3038 gratia,
984 2977 1088 3038 regno
1206 2952 1210 2956 ’

292 3073 393 3152 iunge
410 3071 507 3133 deam
524 3069 673 3152 patruo.”
712 3069 804 3132 Dixit
816 3070 940 3132 Venus.
976 3069 1036 3131 Ille
1052 3069 1243 3150 pharetram
1292 3131 1294 3134 .

294 3183 390 3247 solvit
406 3192 439 3246 et
456 3181 589 3245 arbitrio
607 3183 721 3245 matris
737 3182 778 3245 de
795 3181 883 3243 mille
900 3182 1030 3261 sagittis
1272 3203 1304 3250 40

293 3317 394 3359 unam
412 3295 569 3378 seposuit,
590 3296 646 3357 sed
664 3315 730 3376 qua
746 3314 807 3358 nec
824 3295 951 3356 acutior
966 3294 1033 3356 ulla

294 3429 356 3472 nec
372 3409 481 3470 minus
499 3407 625 3470 incerta
641 3416 691 3470 est
707 3427 769 3470 nec
785 3426 871 3488 quae
887 3407 994 3486 magis
1010 3405 1122 3468 audiat
1138 3425 1244 3468 arcus.

295 3511 528 3603 Oppositoque
546 3539 634 3600 genu
651 3518 800 3582 curvavit
815 3518 923 3580 flexile
940 3538 1043 3580 cornu

295 3634 395 3717 inque
413 3653 469 3696 cor
485 3632 620 3694 hamata
636 3631 799 3712 percussit
816 3630 1002 3693 harundine
1020 3632 1141 3694 Ditem.

341 3745 444 3809 Haud
457 3745 572 3827 procul
586 3743 760 3806 Hennaeis
770 3744 861 3806 lacus
871 3752 923 3806 est
935 3764 954 3805 a
966 3742 1145 3806 moenibus
1151 3743 1247 3819 altae,
1275 3766 1307 3818 45
