2988 4388
490 343 696 400 LATONA’s
728 341 955 401 nannenus
1131 348 1175 420 73

172 551 201 604 15
228 527 287 592 sed
303 529 450 591 relevare
467 526 564 590 sitim.
613 527 713 592 Caret
727 548 765 591 os
781 547 896 590 umore
912 526 1077 609 loquentis

228 649 261 704 et
277 641 392 703 fauces
408 649 511 716 arent,
528 641 650 722 vixque
666 648 717 703 est
732 639 785 702 via
801 641 892 702 vocis
908 642 942 702 in
959 639 1032 702 illis.

229 753 381 816 Haustus
397 771 503 834 aquae
520 752 602 814 mihi
617 762 732 815 nectar
747 752 818 826 erit,
834 752 1005 834 vitamque
1020 751 1151 815 fatebor
1259 777 1262 783 ·

227 864 398 946 accepisse
414 865 530 939 simul;
554 864 655 926 vitam
673 863 830 927 dederitis
846 865 880 926 in
896 865 994 927 unda.
1164 842 1167 849 ¹

229 978 276 1041 Hi
289 996 421 1061 quoque
432 997 492 1041 vos
506 985 668 1052 moveant,
681 976 737 1060 qui
749 986 863 1040 nostro
873 977 1029 1040 bracchia
1038 975 1180 1040 tendunt

171 1115 202 1151 20
228 1110 332 1172 parva
347 1089 453 1152 sinu.'’
501 1089 546 1152 Et
560 1109 640 1152 casu
656 1089 840 1153 tendebant
855 1089 1011 1152 bracchia
1025 1091 1103 1152 nati.

272 1203 381 1284 Quem
394 1222 462 1265 non
474 1201 598 1264 blanda
607 1201 689 1265 deae
702 1203 888 1284 potuissent
899 1201 1001 1265 verba
1013 1201 1169 1265 movere?

230 1315 277 1377 Hi
292 1324 405 1377 tamen
421 1323 570 1378 orantem
589 1324 739 1396 perstant
756 1313 949 1396 probibere;
974 1315 1157 1396 minasque,
1197 1320 1329 1368 rurenses

229 1427 263 1489 ni
279 1427 395 1508 procul
411 1426 579 1501 abscedat,
598 1425 813 1508 conviciaque
828 1428 964 1508 insuper
979 1427 1115 1489 addunt.
1197 1394 1243 1516 {fn

220 1537 303 1602 'Nec
320 1538 401 1603 satis
416 1547 468 1602 est
478 1559 485 1614 ;
511 1537 601 1620 ipsos
617 1537 718 1602 etiarn
735 1539 942 1621 pedibusque
959 1559 1127 1620 manuque
1197 1543 1326 1591 Peamts

171 1673 202 1726 ²5
229 1651 405 1715 turbavere
421 1652 522 1726 lacus,
540 1652 673 1735 imoque
690 1671 708 1714 e
724 1653 856 1734 gurgite
873 1651 1005 1715 mollem

229 1764 293 1827 huc
310 1764 386 1827 illuc
403 1763 517 1825 limum
534 1764 620 1826 saltu
636 1783 769 1826 movere
785 1765 940 1845 maligno.

231 1878 369 1940 Distulit
384 1875 432 1938 ira
449 1875 545 1938 sitim.
594 1876 714 1957 Neque
730 1877 818 1938 enirn
835 1878 900 1938 iam
917 1876 985 1938 filia
1001 1875 1082 1939 Coei

230 1989 395 2071 supplicat
411 1987 556 2070 indignis
573 2008 634 2051 nec
651 1988 760 2051 dicere
778 1990 919 2050 sustinet
935 1988 1021 2050 ultra

228 2102 331 2165 verba
346 2102 475 2164 minora
490 2101 562 2176 dea,
580 2100 766 2181 tollensque
783 2100 824 2162 ad
841 2099 949 2162 sidera
965 2100 1103 2180 palmas,

151 2293 153 2296 Ι
170 2239 201 2290 30
231 2215 445 2276 “Aeternum
463 2213 614 2295 stagn0,”
633 2212 723 2287 dixit,
742 2211 889 2274 “vivatis
905 2211 938 2274 in
954 2211 1036 2275 isto!
1049 2213 1067 2237 '’

275 2324 443 2389 Eveniunt
458 2335 574 2406 optata
590 2325 682 2387 deae.
732 2325 830 2387 Iuvat
845 2344 919 2387 esse
936 2324 997 2387 sub
1013 2325 1111 2388 undis

230 2446 264 2500 et
279 2438 377 2500 modo
392 2446 462 2500 tota
478 2457 560 2500 cava
577 2437 791 2518 submergere
807 2435 958 2500 membra
974 2437 1105 2517 palude,

229 2569 318 2612 nunc
336 2549 485 2630 proferre
501 2559 611 2631 caput,
629 2569 760 2612 summo
777 2548 874 2612 modo
891 2549 1022 2630 gurgite
1039 2569 1128 2624 nare,

230 2681 331 2743 saepe
348 2681 448 2742 super
463 2661 569 2741 ripam
586 2661 696 2743 stagni
712 2660 903 2736 consistere,
921 2680 1021 2741 saepe

172 2798 203 2851 35
229 2775 264 2836 in
280 2773 407 2855 gelidos
423 2774 548 2836 resilire
564 2773 664 2836 lacus.
715 2774 758 2836 Et
776 2793 864 2836 nunc
881 2793 1013 2855 quoque
1029 2773 1136 2855 turpis

230 2884 343 2949 litibus
358 2894 514 2948 exercent
530 2886 670 2967 linguas,
689 2887 851 2968 pulsoque
869 2884 1004 2966 pudore,

231 2998 382 3079 quamvis
398 2999 464 3060 sint
480 2997 541 3061 sub
558 3017 654 3078 aqua,
672 2998 734 3060 sub
754 3018 841 3079 aqua
862 2997 1060 3062 maledicere
1079 3007 1182 3080 temp

317 3119 398 3172 tant.

231 3222 306 3285 Vox
324 3241 456 3303 quoque
476 3221 542 3283 iarn
561 3241 662 3284 rauca
685 3232 744 3297 est,
768 3221 948 3304 inflataque
971 3223 1057 3286 colla
1080 3233 1182 3286 tume-

319 3343 426 3409 scunt,

232 3445 372 3527 ipsaque
388 3446 528 3508 dilatant
544 3446 676 3527 patulos
694 3446 842 3508 convicia
857 3447 968 3511 rictus.

173 3587 206 3635 40
231 3558 343 3639 Terga
359 3566 460 3638 caput
475 3566 635 3638 tangunt;
659 3558 744 3619 colla
759 3559 945 3639 intercepta
959 3560 1132 3636 videntur;

233 3670 329 3751 spina
344 3668 446 3744 viret3
470 3678 595 3743 venter,
613 3689 690 3750 pars
707 3669 850 3732 maxima
866 3671 1023 3753 corporis,
1041 3673 1148 3750 albet;

233 3781 415 3862 limosoque
432 3800 538 3843 novae
554 3757 725 3842 saliuntin
741 3781 872 3862 gurgite
888 3802 998 3846 ranae.
