2998 4386
317 297 384 367 170
520 289 771 347 SELECTIONS
800 290 919 347 FROM
950 281 1054 348 OVID

310 475 429 553 coepit,
447 482 481 536 et
497 482 533 536 ut
549 474 691 554 primum
709 473 808 555 pleno
826 476 983 538 maturuit
999 495 1096 550 anno,

310 585 455 666 prodidit
472 587 660 666 agricolam.
710 587 795 650 Leni
811 607 888 649 nam
905 596 1018 650 motus
1035 587 1076 649 ab
1090 596 1202 650 austro

310 696 428 760 obruta
443 697 545 761 verba
561 699 673 774 refert,
691 699 882 782 dominique
897 701 1048 781 coarguit
1063 701 1161 762 auris.

718 917 854 943 -οοο-

385 1079 537 1150 XLIII.
575 1080 694 1150 THE
725 1081 918 1150 DEATH
951 1081 1020 1151 OF
1049 1081 1184 1172 AJAX

356 1272 450 1334 Mota
474 1292 593 1334 manus
621 1292 795 1353 procerum
823 1281 892 1347 est;
926 1282 959 1335 et
990 1272 1069 1355 quid
1101 1273 1259 1335 facundia

396 1393 519 1464 posset,
682 1392 685 1398 ’

309 1515 345 1558 re
362 1495 477 1576 patuit,
496 1496 658 1578 fortisque
673 1497 734 1559 viri
749 1497 824 1560 tulit
839 1517 931 1559 arma
947 1497 1098 1561 disertus.

312 1609 461 1671 Hectora
477 1608 534 1690 qui
551 1610 650 1685 solus,
669 1609 725 1692 qui
742 1610 866 1672 ferrum
880 1609 1033 1692 ignisque
1052 1611 1233 1692 Iovemque

310 1720 465 1783 sustinuit
481 1721 612 1797 totiens,
631 1742 730 1784 unam
747 1743 814 1785 non
831 1722 972 1785 sustinet
987 1724 1079 1798 iram,

309 1833 535 1914 invictumque
551 1833 657 1896 virum
674 1834 752 1897 vicit
769 1834 870 1897 dolor.
918 1835 1054 1916 Adripit
1071 1854 1184 1898 ensem
1302 1857 1316 1910 ς

270 2012 272 2019 .
308 1953 350 2020 et,
370 1947 498 2009 “Meus
522 1946 575 2008 hic
600 1956 688 2009 certe
711 1955 770 2010 est.
818 1947 875 2008 An
899 1956 932 2010 et
955 1947 1043 2009 hunc
1067 1947 1128 2009 sibi
1152 1947 1259 2027 poscit

396 2055 536 2121 Ulixes?

310 2169 417 2244 Hoc,”
447 2171 500 2245 ait,
535 2170 723 2232 “utendum
752 2180 802 2233 est
832 2170 865 2233 in
897 2191 950 2234 me
980 2172 1069 2233 mihi.
1125 2170 1258 2253 Quique

395 2302 511 2345 cruore

308 2413 409 2475 saepe
434 2395 602 2478 Phrygum
627 2395 763 2470 maduit,
781 2395 906 2458 domini
922 2416 1011 2458 nunc
1029 2395 1133 2458 caede
1149 2395 1257 2458 made-

394 2505 450 2582 bit,

307 2619 540 2700 nequisquam
557 2621 698 2683 Aiacem
715 2619 820 2700 possit
837 2640 994 2701 superare
1011 2620 1073 2682 nisi
1090 2620 1208 2682 Aiax.’'

309 2732 409 2806 Dixit,
427 2731 509 2794 etin
526 2742 644 2812 pectus
660 2742 730 2794 tum
748 2732 881 2794 demum
898 2732 1035 2795 vulnera
1052 2751 1196 2813 passum,
1286 2745 1315 2780 10

308 2864 373 2926 qua
389 2843 496 2925 patuit
512 2845 646 2920 ferrum,
665 2845 795 2907 letalem
813 2845 963 2907 condidit·
974 2865 1098 2908 ensem.

308 2957 380 3019 Nec
396 2957 530 3019 valuere
546 2940 665 3019 manus
681 2957 816 3018 infixum
833 2957 974 3019 educere
989 2956 1110 3032 telum;

306 3069 432 3149 expulit
448 3069 520 3150 ipse
536 3089 640 3131 cruor.
690 3049 949 3158 Rubefactaque
964 3067 1126 3149 sanguine
1142 3068 1240 3131 tellus

348 3255 402 3304 108.
414 3255 578 3317 agricolam
591 3275 597 3303 :
615 3256 658 3304 the
671 3264 770 3304 servant
782 3255 839 3303 who
852 3255 902 3303 had
914 3255 1017 3320 planted
1029 3254 1072 3303 the
1084 3261 1173 3303 secret.

345 3339 443 3386 XLIII.
468 3337 538 3386 After
547 3337 590 3386 the
600 3338 676 3386 death
686 3339 715 3386 os
724 3337 843 3396 Achilles,
851 3338 913 3400 Ajax
925 3339 975 3386 and
985 3338 1086 3400 Ulysses
1099 3337 1208 3385 contend
1217 3337 1256 3385 sor

302 3419 342 3468 his
354 3436 427 3468 arms.
462 3421 564 3482 Ulysses
576 3421 596 3468 Is
608 3420 735 3484 adjudged
748 3420 890 3486 champion,
902 3420 1057 3486 whereupon
1069 3421 1133 3482 Ajax
1144 3421 1256 3483 destroys

303 3501 408 3551 himself.
460 3516 480 3551 1.
503 3516 677 3564 procerum:
703 3505 734 3569 of
749 3505 788 3552 the
808 3503 1092 3569 chiefs.—Iacundlaz
1119 3504 1254 3566 eloquente.

303 3599 326 3634 2.
344 3586 489 3635 disemus:
504 3587 634 3650 tlrefluent
643 3587 752 3650 speaker.
777 3599 799 3651 5.
812 3599 928 3636 ensem:
938 3587 1064 3651 gladr'une.
1087 3586 1110 3635 8.
1122 3586 1252 3634 madult:

302 3676 418 3717 waswet.
467 3682 502 3717 11.
527 3683 634 3731 qua..
653 3707 659 3718 .
676 3670 802 3719 Iorrum:
827 3671 866 3718 the
875 3671 934 3735 full
946 3669 1027 3734 length
1043 3671 1075 3733 of
1081 3670 1119 3716 the
1139 3669 1256 3716 diade.-

302 3750 441 3800 letalom:
459 3751 553 3812 deadly.
592 3764 627 3812 13.
645 3752 831 3802 Rubelaota:
851 3751 979 3801 reddened.
