2998 4386
142 1596 207 1642 Fata

142 1671 166 1716 is

143 1757 260 1803 supreme

339 311 407 376 180
542 319 790 377 SELECTIONS
821 319 938 376 FROM
970 318 1074 377 OVID

334 524 469 585 sparsus
485 515 564 580 erat,
584 505 691 586 sparsi
709 505 859 567 Lunares
876 506 1038 585 sanguine
1055 525 1178 567 currus
1312 512 1344 564 45

377 616 499 679 Tristia
516 618 604 679 mille
621 617 700 680 locis
718 617 856 701 Stygius
872 617 963 679 dedit
978 616 1089 679 omina
1104 615 1202 691 bubo,

334 729 423 792 mille
440 730 519 792 locis
536 729 720 791 lacrimavit
735 729 826 804 ebur,
844 738 1028 811 cantusque
1045 729 1196 791 feruntur

335 841 437 904 auditi
455 843 578 904 sanctis
595 851 628 904 et
643 842 744 904 verba
760 841 921 905 minantia
937 842 1028 904 lucis

334 935 478 1016 Victima
494 954 584 1016 nulla
601 955 681 1030 litat,
693 932 904 1036 'magnosque
920 955 1043 1017 instare
1059 954 1219 1016 tumultus

335 1066 417 1128 fibra
434 1076 555 1142 monet,
574 1087 775 1148 caesumque
791 1076 892 1147 caput
908 1068 1071 1147 reperitur
1083 1066 1116 1127 in
1133 1067 1225 1128 extis.
1315 1078 1346 1131 50

338 1179 444 1260 Inque
461 1179 534 1242 foro
551 1180 741 1260 circumque
758 1179 875 1242 domos
891 1188 925 1243 et
941 1179 1067 1260 templa
1083 1178 1219 1241 deorum

336 1301 515 1354 nocturnos
532 1291 677 1354 ululasse
694 1312 795 1354 canes
811 1291 1012 1374 umbrasque
1029 1291 1183 1353 silentum

336 1391 498 1466 erravisse
516 1404 636 1480 ierunt,
655 1414 844 1486 motamque
860 1403 1056 1466 tremoribus
1074 1403 1196 1465 urbem.

383 1517 460 1579 Non
477 1525 590 1578 tamen
607 1516 748 1613 insidias
759 1525 965 1597 venturaque
980 1517 1112 1578 vincere
1129 1515 1199 1576 fata

338 1629 564 1710 praemonitus
581 1639 718 1710 potuere
734 1629 842 1704 deum,
860 1629 1030 1710 strictique
1046 1629 1198 1690 feruntur
1316 1637 1347 1689 55

337 1741 371 1802 in
387 1742 548 1822 templum
565 1741 686 1822 gladii;
715 1761 824 1822 neque
840 1742 929 1803 enim
945 1741 1036 1803 locus
1053 1740 1139 1802 ullus
1155 1739 1188 1800 in
1205 1736 1285 1801 urbe

337 1854 379 1915 ad
395 1853 525 1916 facinus
542 1853 714 1934 diramque
731 1854 848 1934 placet,
866 1853 929 1915 nisi
946 1855 1044 1929 curia,
1062 1851 1208 1914 caedem.

336 1967 423 2027 Tum
439 1986 518 2029 vero
536 1967 703 2049 Cytherea
719 1986 819 2028 manu
837 1967 1001 2047 percussit
1016 1974 1155 2046 utraque

337 2088 463 2159 pectus
481 2087 515 2141 et
531 2078 716 2141 Aeneaden
729 2078 862 2140 molitur
877 2079 1019 2141 condere
1035 2077 1133 2152 nube,

337 2212 403 2273 qua
419 2191 510 2273 prius
526 2191 649 2253 infesto
667 2192 758 2253 Paris
775 2200 827 2253 est
842 2201 977 2272 ereptus
995 2190 1144 2265 Atridae,
1316 2191 1349 2240 60

337 2313 371 2366 et
389 2304 592 2366 Diomedeos
609 2303 746 2366 Aeneas
762 2303 897 2384 fugerat
912 2304 1010 2365 ensis.

382 2415 520 2479 Talibus
537 2416 623 2478 hanc
640 2415 788 2496 genitor:
815 2416 922 2479 “Sola
933 2413 1157 2495 insuperabile
1170 2413 1285 2487 fatum,

339 2538 427 2603 nata,
445 2548 577 2590 movere
595 2528 716 2609 paras?
764 2529 873 2590 Intres
891 2527 967 2590 licet
983 2527 1055 2608 ipsa
1073 2545 1220 2588 sororum

338 2650 427 2704 tecta
442 2640 559 2703 trium!
600 2641 725 2703 Cernes
741 2639 806 2702 illic
824 2639 993 2703 molimine
1009 2648 1104 2701 vasto

337 2773 379 2815 ex
394 2773 469 2815 aere
486 2762 519 2816 et
535 2752 639 2815 solido
655 2772 766 2814 rerum
782 2751 945 2815 tabularia
961 2752 1059 2827 ierr0,
1315 2756 1347 2822 65

337 2884 422 2946 quae
438 2885 546 2947 neque
562 2884 761 2927 concussum
777 2865 869 2940 caeli,
888 2884 997 2946 neque
1013 2863 1162 2925 fulminis
1178 2863 1270 2936 iram,

336 2997 398 3040 nec
415 2985 567 3039 metuunt
583 2976 667 3054 ullas
684 2986 755 3039 tuta
772 2986 871 3058 atque
888 2987 1023 3040 aeterna
1040 2977 1160 3037 ruinas.

374 3134 415 3187 45.
436 3123 587 3171 Lunares:
612 3122 846 3187 :Lunae(gen.).
879 3124 919 3184 46.
931 3124 1029 3173 bubo:
1051 3122 1105 3172 owl.
1136 3133 1177 3184 47.
1195 3121 1283 3170 ebur:

336 3205 374 3253 i.e.
392 3205 435 3253 the
453 3212 554 3254 statues.
594 3204 635 3265 48.
659 3207 771 3255 auditi:
805 3222 839 3255 sc.
857 3224 911 3255 esse.
952 3220 990 3267 49.
1017 3206 1103 3254 litat:
1118 3206 1189 3268 gives
1195 3204 1287 3268 flavor-

335 3288 388 3335 able
410 3304 489 3336 omen.
531 3301 569 3353 50.
587 3288 677 3337 fibra:
703 3290 741 3336 the
764 3291 872 3338 entrails
898 3290 940 3353 (ol
959 3290 1002 3338 the
1026 3289 1111 3336 victim
1134 3283 1285 3347 sacrificed).

334 3374 483 3430 —caputr
502 3387 536 3419 sc.
550 3372 645 3420 iecoris.
679 3371 740 3420 This
751 3388 801 3421 was
813 3389 828 3421 a
840 3373 978 3436 projection
991 3388 1024 3419 on
1040 3371 1084 3420 the
1099 3368 1165 3431 right
1180 3368 1237 3416 lobe
1255 3366 1284 3414 ol

335 3452 378 3502 the
391 3453 462 3512 liver,
471 3454 521 3502 and
534 3461 560 3502 to
573 3453 637 3502 have
650 3461 691 3502 cut
704 3455 722 3503 it
734 3455 760 3502 in
773 3455 912 3518 sacrificing
929 3471 979 3504 was
995 3471 1027 3503 an
1046 3451 1209 3502 unlavorable
1223 3450 1286 3512 sign.

334 3537 469 3585 —extlsz
489 3538 571 3594 vitals,
584 3537 626 3585 i.e.
639 3536 682 3585 the
695 3536 776 3596 beart,
788 3538 867 3600 lungs,
881 3545 927 3586 etc.
964 3551 1001 3603 52.
1019 3537 1166 3604 ululetque:
1186 3532 1286 3582 howled.

334 3619 373 3681 63.
398 3619 498 3668 Intres
524 3620 613 3668 licet:
641 3636 695 3682 you
719 3636 777 3683 may
795 3621 916 3687 yourself
926 3629 1004 3669 enter.
1059 3619 1098 3679 64.
1119 3616 1284 3667 molimine:

333 3709 467 3751 structure.
502 3702 541 3765 65.
559 3701 723 3752 tabularia:
743 3703 865 3754 archives.
907 3703 946 3764 67.
965 3706 1033 3751 tuta
1045 3705 1136 3763 atque
1148 3703 1284 3750 aeterna:

333 3785 393 3833 with
406 3784 508 3848 quaein
521 3801 543 3831 v.
553 3783 593 3833 66.
