2998 4386
560 375 837 451 Prrnaoorms
1110 383 1149 454 17
1156 383 1175 456 5

309 671 452 743 XLVI.
489 672 609 742 THE
638 671 995 743 PHILOSOPHY
1024 672 1093 742 OF

518 797 885 868 PYTHAGORAS

269 976 329 1040 Vir
345 977 408 1040 fuit
423 977 486 1053 hic,
500 987 573 1040 ortu
592 978 732 1041 Samius.
781 978 848 1064 Sed
864 978 997 1059 fugerat
1014 999 1081 1041 una
1195 965 1358 1086 {ffiffffl

225 1097 259 1152 et
273 1089 397 1152 Samon
414 1099 447 1153 et
463 1090 624 1166 dominos,
642 1090 785 1172 odioque
801 1091 986 1174 tyrannidis
1003 1090 1096 1153 exsul
1194 1126 1227 1159 an

226 1211 345 1282 sponte
361 1210 441 1264 erat.
489 1203 599 1284 Isque,
617 1202 694 1264 licet
710 1203 793 1265 caeli
809 1202 946 1284 regione
962 1212 1115 1278 remotos,
1194 1189 1267 1234 2¹³⁰

226 1322 336 1376 mente
353 1314 433 1377 deos
449 1314 529 1376 adiit
545 1322 579 1377 et
591 1334 677 1396 quae
693 1323 812 1377 natura
825 1316 971 1397 negabat

183 1447 196 1500 s
225 1426 350 1489 visibus
367 1426 529 1501 humanis,
547 1424 651 1488 oculis
667 1446 707 1489 ea
724 1427 866 1507 pectoris
882 1429 1002 1491 hausit.

227 1539 378 1620 Cumque
394 1537 504 1600 animo
520 1547 555 1600 et
569 1537 662 1618 vigili
678 1549 894 1621 perspexerat
909 1540 1021 1602 omnia
1037 1560 1124 1616 cura,
1166 1613 1169 1620 Ι

226 1651 260 1714 in
276 1651 421 1714 medium
434 1650 593 1713 discenda
609 1650 719 1727 dabat,
737 1662 918 1735 coetusque
935 1652 1090 1715 silentum

200 1789 202 1795 ’
226 1766 379 1847 dictaque
396 1765 574 1826 mirantum
592 1766 706 1846 magni
724 1765 903 1846 primordia
919 1765 1033 1827 mundi

226 1888 260 1941 et
276 1898 385 1941 rerum
401 1898 520 1940 causas
537 1886 571 1940 et
586 1877 665 1959 quid
684 1887 813 1953 natura,
832 1877 992 1952 docebat;
1195 1884 1232 1930 fle

169 2010 199 2046 10
226 1991 304 2073 quid
321 1991 413 2067 deus,
431 1991 519 2054 unde
535 1993 639 2066 nives,
654 2011 739 2072 quae
757 1990 906 2052 fulminis
923 1999 1012 2052 esset
1027 1989 1129 2069 orig0,
1195 1960 1352 2093 {⁶323th

229 2104 380 2184 Iuppiter
396 2124 438 2166 an
454 2104 546 2166 venti
563 2104 713 2167 discussa
730 2103 818 2166 nube
835 2111 999 2177 tonarent,

227 2216 305 2298 quid
322 2225 473 2298 quateret
488 2224 602 2290 terras,
621 2235 687 2298 qua
703 2215 811 2278 sidera
827 2215 901 2296 lege
917 2223 1075 2290 mearent,

226 2337 260 2392 et
276 2329 507 2411 quodcumque
524 2328 613 2391 latet.
672 2327 866 2410 Primusque
884 2327 1038 2389 animalia
1055 2327 1195 2413 mensis

226 2443 336 2523 arguit
350 2442 494 2524 imponi;
520 2442 646 2522 primus
664 2460 796 2523 quoque
809 2439 930 2502 talibus
946 2459 1004 2502 ora

170 2567 198 2620 Ι5
226 2554 325 2617 docta
340 2555 473 2636 quidem
490 2554 596 2629 solvit,
614 2554 673 2617 sed
690 2573 757 2616 non
773 2561 806 2615 et
823 2553 956 2628 credita,
970 2551 1095 2614 verbis:

228 2672 246 2699 ‘¹
257 2667 394 2743 Parcite,
412 2667 576 2742 mortales,
595 2665 737 2748 dapibus
758 2674 920 2728 temerare
936 2664 1091 2726 nefandis

226 2800 373 2862 corpora.
422 2780 507 2843 Sunt
523 2779 647 2860 fruges,
666 2787 744 2841 sunt
757 2776 956 2840 deducentia
972 2795 1082 2839 ramos

226 2893 374 2974 pondere
391 2912 490 2973 poma
507 2911 567 2954 suo
582 2890 796 2973 tumidaeque
813 2890 846 2952 in
863 2888 984 2952 vitibus
1000 2903 1085 2950 uvae

227 3014 305 3068 sunt
321 3004 445 3067 herbae
461 3004 584 3080 dulces,
602 3013 680 3066 sunt
696 3023 781 3086 quae
795 3004 968 3066 mitescere
985 3001 1120 3063 flamma

167 3141 198 3176 κο
226 3117 410 3200 mollirique
423 3126 554 3200 queant.
604 3117 676 3179 Nec
692 3115 787 3178 vobis
803 3115 929 3178 lacteus
946 3134 1040 3176 umor

225 3230 363 3310 eripitur
378 3250 440 3293 nec
457 3229 555 3292 mella
571 3229 677 3312 thymi
693 3228 875 3291 redolentia
891 3227 1015 3289 florem.

264 3429 358 3480 XLVI.
383 3441 404 3478 1.
421 3432 505 3478 ortu:
526 3429 556 3476 in
574 3428 670 3491 origin.
705 3439 727 3488 3.
744 3427 832 3476 licet:
853 3427 975 3490 although,
988 3425 1049 3475 with
1067 3431 1176 3474 remotos.

227 3524 248 3576 7.
267 3513 298 3560 ln
312 3512 458 3561 modium:
478 3518 501 3559 to
512 3511 550 3558 tlte
560 3510 647 3558 world.
683 3508 705 3557 8.
724 3509 821 3557 dicta:
842 3508 890 3570 obj.
901 3509 931 3556 of
940 3511 1092 3566 mirantum,
1101 3503 1176 3556 while

225 3602 302 3645 coetus
310 3594 361 3642 and
368 3593 519 3657 primordia
532 3609 574 3641 are
587 3592 679 3640 double
689 3590 738 3653 obj.
747 3591 776 3638 of
784 3591 887 3640 docebat.
925 3605 961 3640 11.
978 3592 1127 3652 Iuppiter:
1141 3606 1176 3639 sc.

225 3684 322 3725 utrum.
359 3689 396 3725 12.
413 3679 562 3725 mearent:
583 3691 657 3723 mooe.
696 3687 732 3734 14.
750 3675 862 3736 arserit:
880 3674 978 3722 showed
986 3675 1069 3722 itroos
1080 3690 1175 3738 wrong.

228 3759 448 3808 rotomorum:
474 3758 551 3824 defile.
599 3758 635 3807 18.
652 3768 744 3805 uvas:
758 3763 858 3820 grapes.
904 3769 944 3805 20.
966 3760 1091 3817 queant:
1119 3773 1175 3804 can.

225 3853 263 3890 21.
279 3840 459 3890 redolentia:
474 3839 624 3904 redolentos'.
