2996 4384
316 322 385 392 160
523 335 773 393 SELECTIONS
803 335 921 392 FROM
951 334 1055 392 OVID

461 613 567 687 XLI.
602 612 941 684 ATALANTA'S
971 613 1111 684 RACE

355 809 522 922 Forsitan
526 811 723 936 audieris
686 810 835 912 aliquam
846 810 1109 918 certamipe
1043 831 1158 874 cursus

309 911 433 986 velocis
450 943 625 1006 superasse
641 923 737 986 viros.
786 925 864 986 Non
881 924 996 986 fabula
1012 943 1123 1004 rumor

309 1034 364 1099 ille
380 1035 444 1098 fuit
458 1032 654 1117 (superabat
670 1034 782 1119 enim),
800 1056 861 1099 nec
878 1036 987 1100 dicere
1004 1056 1121 1118 posses

310 1148 408 1212 laude
425 1149 546 1230 pedum
563 1148 736 1211 formaene
752 1148 840 1211 bono
857 1150 1079 1229 praestantior
1094 1157 1190 1212 esset.

312 1260 453 1325 Scitanti
470 1261 552 1324 deus
569 1260 645 1323 huic
662 1260 703 1322 de
720 1260 870 1340 coniuge,
890 1265 908 1292 “
920 1261 1100 1342 Coniugess’
1118 1260 1207 1337 dixit,
1306 1284 1319 1337 5

313 1373 387 1436 “nil
403 1394 491 1488 opus
503 1382 562 1449 est,
579 1361 750 1458 Atalanta,
768 1371 835 1435 tibi.
876 1373 971 1454 Fuge
988 1373 1138 1454 coniugis
1154 1393 1259 1436 usum

700 1422 938 1499 ··='····--·⁴*
932 1453 1148 1509 ι’νΡιν

313 1487 414 1549 Nect
401 1495 545 1597 tamen
530 1487 684 1598 effugies,
703 1495 802 1602 teque
819 1485 1030 1612 ipsapiyp
999 1485 1158 1549 carebis?

312 1563 442 1662 Teriida
458 1610 545 1663 sorte
562 1571 624 1662 dei
632 1620 691 1681 per
649 1565 1030 1684 “opaeffs'innuba
989 1598 1087 1662 silvas

309 1711 398 1788 vivit,
416 1721 449 1775 et
465 1712 589 1775 instant
590 1722 672 1776 emt
659 1713 791 1775 turbam
807 1711 953 1775 violenta
970 1731 1144 1794 procorum

310 1825 503 1888 condicione
520 1826 625 1906 lugat,
645 1826 744 1888 “Nec
762 1845 836 1888 sum
856 1825 1022 1906 potienda,
1034 1824 1128 1900 nisi,’'
1146 1823 1260 1907 inquit,
1291 1854 1320 1890 ιο

312 1936 427 1999 “victa
443 1937 534 2019 prius
552 1958 658 2001 cursu.
709 1937 853 2000 Pedibus
869 1937 1060 2000 contendite
1077 1957 1216 2000 mecum.

311 2048 461 2112 Praemia
477 2050 582 2113 veloci
598 2050 742 2113 coniunx
758 2049 963 2132 thalamique
980 2050 1155 2112 dabuntur.

312 2162 405 2224 Mors
421 2162 564 2242 pretium
581 2162 693 2225 tardis.
743 2164 793 2228 Ea
811 2163 863 2225 lex
878 2162 1067 2225 certaminis
1084 2162 1187 2226 est0.'’

355 2274 418 2336 Illa
439 2274 571 2356 quidem
592 2274 737 2350 immitis,
755 2275 814 2338 sed
834 2276 943 2357 (tanta
963 2275 1112 2356 potentia
1133 2277 1261 2338 formae

461 2384 507 2470 st)
1084 2463 1106 2476 ν
1161 2463 1182 2474 -

307 2485 401 2563 venit
360 2407 461 2562 aasz}
475 2479 561 2563 hanc
577 2480 687 2580 legem
703 2467 881 2562 temeraria,
895 2451 991 2566 turha
997 2449 1319 2611 procorum.15

117 2612 283 2671 ffirmme¹¹0⁸
301 2579 451 2677 Sederat
469 2581 702 2693 Hippomenes
719 2591 834 2675 cursus
852 2601 979 2694 ε’ρἐῖ
933 2622 1020 2676 tator
1034 2612 1148 2695 iniqui,

117 2687 204 2733 mm
311 2723 475 2788 et“Petit
462 2733 515 2786 tur
532 2723 686 2807 cuiquam
704 2744 764 2806 per
780 2733 874 2788 tanta
890 2725 1038 2805 pericula
1054 2725 1248 2788 coniunx?”

311 2836 447 2911 dixerat,
465 2857 504 2899 ac
520 2837 639 2900 nimios
658 2837 813 2901 iuvenum
831 2839 1005 2901 damnarat
1022 2856 1159 2900 amores.

311 2949 360 3012 Ut
375 2948 494 3011 faciem
512 2957 545 3011 et
561 2950 669 3030 posito
685 2971 805 3033 corpus
821 2949 985 3014 velamine
1002 2949 1083 3012 vidit

309 3057 422 3144 (quale
438 3081 549 3124 meum
565 3062 618 3125 vel
636 3063 732 3145 quale
749 3073 852 3140 tuum,
871 3063 898 3126 si
910 3061 1037 3127 femina
1052 3060 1136 3145 fias),
1289 3094 1320 3128 20

309 3171 482 3252 obstupuit
496 3171 682 3253 tollensque
698 3191 826 3245 manus,
845 3177 864 3204 “
876 3170 1076 3251 Ignoscite,”
1094 3169 1183 3244 dixit,

312 3289 422 3367 “quos
439 3284 538 3348 modo
555 3284 695 3365 culpavi.
732 3284 891 3347 Nondum
910 3284 992 3346 mihi
1008 3283 1155 3365 praemia
1172 3291 1259 3358 nota,

350 3457 419 3505 XLI.
442 3471 465 3519 4.
484 3458 584 3507 bono:
604 3457 721 3520 elegante.
756 3468 778 3520 5.
791 3455 926 3505 Scitanti
938 3456 977 3505 de
990 3455 1136 3517 coniuge:
1155 3455 1260 3502 consult·

312 3540 445 3604 ingobout,
458 3547 518 3599 etc.;
534 3541 577 3588 the
589 3539 684 3587 second
701 3540 804 3602 coniuge
821 3539 842 3586 is
859 3539 906 3587 abl.
924 3539 984 3587 with
1003 3544 1069 3601 opus.
1118 3551 1141 3599 9.
1154 3549 1260 3599 proco-

310 3636 393 3672 rum:
411 3624 511 3671 suitors.
544 3635 553 3669 r
558 3633 579 3686 5.
597 3623 773 3671 temeraria:
790 3622 857 3670 rask.
894 3634 932 3669 20.
948 3632 1058 3669 meum:
1077 3620 1116 3668 i.e.
1129 3619 1158 3667 of
1167 3620 1260 3676 Venus,

311 3706 369 3756 who
380 3721 431 3754 was
444 3705 551 3767 relating
563 3703 607 3753 the
619 3712 693 3767 story.
701 3708 825 3753 —tuum
836 3722 842 3752 ε
861 3704 900 3752 i.e.
913 3703 942 3751 os
956 3703 1060 3759 Adonis,
1073 3709 1100 3750 to
1115 3701 1198 3750 whom
1216 3702 1260 3750 she

312 3804 362 3838 was
374 3787 462 3850 telling
473 3787 500 3836 it.
