2996 4384
432 333 519 391 THE
550 334 805 393 VENGEANCE
836 337 888 394 OF
917 336 1062 394 NESSUS
1171 327 1215 417 89

266 517 405 594 mittere,
423 538 509 600 quae
524 519 603 581 viris
619 519 751 583 defecto
767 519 884 583 reddat
899 518 1013 583 amori

268 630 457 712 Ignaroque
475 629 611 707 Lichae,
628 631 708 713 quid
724 631 834 694 tradat
849 631 971 708 nescia,
990 632 1097 696 luctus

266 742 340 825 ipsa
356 763 433 806 suos
449 742 558 819 tradit,
575 743 772 827 blandisque
788 744 973 808 miserrima
987 743 1097 808 verbis

210 863 240 917 55
266 855 354 917 dona
370 855 428 918 det
443 853 499 918 illa
514 857 584 919 viro
600 857 745 920 mandat.
793 858 893 938 Capit
909 857 1033 921 inscius
1049 857 1157 934 heros,

266 966 478 1050 induiturque
495 968 617 1031 umeris
635 970 807 1033 Lernaeae
823 969 913 1034 virus
929 970 1100 1034 echidnae.

309 1080 401 1143 Tura
417 1081 518 1144 dabat
535 1080 650 1162 primis
666 1091 699 1145 et
714 1083 816 1145 verba
832 1083 1005 1164 precantia
1020 1083 1171 1160 flammis,
1233 1089 1334 1139 nessus

265 1191 408 1275 vinaque
425 1213 627 1256 marmoreas
644 1204 760 1275 patera
775 1195 938 1258 fundebat
953 1195 986 1258 in
1003 1216 1088 1272 aras,
1167 1265 1169 1268 ,
1232 1165 1358 1226 revenges

263 1304 402 1380 incaluit
417 1307 467 1369 vis
483 1305 539 1367 illa
554 1305 642 1380 mali,
659 1307 869 1390 resolutaque
885 1307 1027 1372 flammis

206 1419 238 1471 ⁶0
268 1417 454 1481 Herculeos
470 1417 552 1481 abiit
567 1418 633 1481 late
645 1417 775 1500 dilapsa
789 1440 849 1502 per
865 1405 964 1483 artus.

268 1522 357 1584 Dum
375 1522 491 1613 potuit,
509 1521 605 1585 solita
621 1523 783 1605 gemitum
798 1523 919 1586 virtute
935 1523 1111 1606 repressit;

264 1633 352 1698 victa
368 1635 463 1698 malis
480 1644 657 1718 postquam
674 1645 726 1698 est
741 1635 911 1717 patientia,
929 1637 1074 1718 reppulit
1090 1657 1174 1714 aras,

253 1744 480 1830 *implevitque
496 1746 565 1810 suis
581 1767 793 1811 nemorosum
810 1749 947 1812 vocibus
964 1749 1083 1813 Oeten.

266 1861 339 1924 Nec
355 1880 457 1936 mora,
475 1859 640 1923 letiferam
656 1853 795 1925 conatur
811 1859 961 1925 scindere
977 1871 1124 1939 vestem;

204 1983 236 2050 65
264 1993 330 2058 qua
345 1972 495 2050 trahitur,
513 1973 615 2037 trahit
631 1973 687 2037 illa
703 1983 822 2051 cutem,
839 1975 1043 2056 foedumque
1059 1975 1174 2052 relatu,

263 2095 321 2158 aut
337 2086 452 2150 haeret
467 2084 624 2150 membris
640 2086 766 2149 frustra
782 2094 945 2167 temptata
961 2086 1075 2150 revelli

263 2209 321 2263 aut
336 2199 462 2264 laceros
477 2210 569 2263 artus
585 2208 618 2263 et
634 2199 774 2282 grandia
789 2199 916 2281 detegit
931 2219 1016 2263 ossa.

263 2315 342 2396 Ipse
358 2333 464 2389 cruor,
482 2311 592 2394 gelido
608 2333 669 2376 ceu
687 2312 856 2395 quondam
873 2311 996 2374 lamina
1011 2312 1159 2377 candens

261 2424 366 2490 tincta
382 2425 465 2502 lacu,
483 2425 601 2500 stridit,
619 2426 837 2507 coquiturque
853 2424 991 2488 ardente
1006 2444 1146 2489 veneno.

307 2539 380 2602 Nec
393 2538 511 2602 modus
523 2546 582 2601 est.
631 2537 774 2602 Sorbent
787 2536 903 2600 avidae
920 2524 1113 2618 praecordia
1125 2537 1213 2600 flam-

203 2669 234 2720 70
348 2670 431 2727 mae,

260 2765 499 2846 caeruleusque
514 2762 586 2826 fluit
601 2771 671 2827 toto
687 2762 728 2827 de
744 2782 883 2844 corpore
899 2761 1008 2839 sudor,

261 2875 472 2959 ambustique
488 2885 609 2939 sonant
625 2876 736 2951 nervi;
760 2894 927 2956 caecaque
942 2874 1096 2939 medullis

259 2986 335 3050 tabe
352 2985 540 3069 liquefactis
556 2985 677 3065 tollens
693 2984 736 3047 ad
753 2983 863 3048 sidera
879 2984 1018 3065 palmaS,

261 3104 279 3132 “
290 3098 480 3172 Cladibus,”
497 3097 670 3173 exclamat,
690 3101 708 3129 “
721 3095 887 3172 Saturnia,
906 3115 1044 3176 pascere
1060 3098 1191 3160 nostris

202 3233 231 3285 75
260 3212 409 3287 Pascere,
426 3219 459 3274 et
475 3211 562 3274 hanc
578 3220 707 3291 pestem
725 3219 850 3290 specta,
867 3208 1019 3286 crudelis,
1037 3208 1080 3272 ab
1096 3209 1173 3285 alt0‚

259 3344 381 3406 corque
397 3324 505 3387 ferum
523 3323 615 3385 satia.
662 3322 726 3385 Vel
742 3321 770 3384 si
786 3321 995 3384 miserandus
1012 3331 1045 3384 et
1062 3321 1158 3398 hosti,

259 3436 322 3499 hoc
338 3445 389 3500 est
405 3435 433 3498 si
448 3435 507 3499 tibi
524 3455 607 3509 sum,
624 3434 703 3497 diris
720 3433 921 3497 cruciatibus
937 3454 1072 3514 aegram

257 3550 464 3630 invisamque
481 3547 625 3610 animam
642 3555 822 3629 natamque
840 3547 1008 3610 laboribus
1024 3547 1128 3610 aufer.

259 3663 352 3725 Mors
364 3661 445 3722 mihi
458 3680 579 3723 munus
591 3661 671 3738 erit;
688 3660 785 3724 decet
797 3660 880 3724 haec
893 3659 972 3722 dare
985 3659 1074 3722 dona
1090 3679 1203 3724 nover-

344 3792 427 3836 cam.
