2996 4384
320 341 388 410 104
522 331 774 389 SELECTIONS
804 332 921 390 FROM
953 333 1058 390 OVlD

314 525 392 580 ante
407 515 511 598 pedes
527 516 637 598 posita
653 523 704 578 est
720 517 887 579 antemnis
903 525 982 599 apta
998 515 1157 592 ferendis,

314 627 514 711 sumptaque
522 626 763 691 harundinibus
773 637 947 710 compacta
955 638 1006 693 est
1014 629 1125 692 fistula
1133 638 1275 706 centum,
1287 649 1316 703 35

314 749 490 804 senserunt
505 738 569 804 toti
582 741 729 822 pastoria
745 739 841 804 sibila
856 751 997 817 montes,

265 850 268 855 ’
314 861 489 915 senserunt
506 852 624 916 undae.
674 853 826 916 Latitans
843 873 907 935 ego
923 873 1006 936 rupe
1021 852 1153 937 meique

239 1001 241 1012 =
279 983 281 990 '
314 962 432 1027 Acidis
447 963 481 1024 in
498 951 630 1045 gremio
641 963 791 1028 residens
807 966 924 1048 procul
940 965 1074 1029 auribus
1091 963 1187 1029 hausi

311 1067 391 1135 talia
406 1071 495 1136 dicta
507 1071 598 1148 meis,
616 1072 795 1156 auditaque
807 1082 919 1136 mente
935 1072 1066 1138 notavi:

356 1183 567 1249 “Candidior
583 1183 662 1256 folio
678 1183 775 1261 nivei,
793 1183 944 1262 Galatea,
962 1186 1101 1269 ligustri,

311 1295 458 1366 floridior
473 1295 588 1378 pratis,
605 1297 712 1379 longa.
724 1297 892 1380 procerior
907 1300 994 1375 alno,

297 1408 516 1502 ..splendidior
530 1411 625 1485 vitro,
643 1419 759 1473 tenero
776 1409 928 1474 lascivior
944 1410 1062 1488 haedo,
1105 1491 1106 1494 Ἴ

260 1533 291 1616 ᾗ,
309 1519 413 1585 levior
429 1506 873 1610 adsiduoadetr'itisaequore
889 1521 1036 1600 conchis,
1079 1585 1084 1592 ,
1118 1519 1120 1524 ’

118 1638 149 1686 ⁰¹
246 1668 253 1700 η

118 1707 250 1763 ῦιΙιῒοιί’

118 1789 222 1840 chame

253 1619 260 1632 ⁴
283 1625 284 1630 ’
310 1633 437 1724 solibus
453 1632 609 1708 hibernis,
626 1634 754 1699 aestiva
769 1632 894 1722 gratior
909 1635 1036 1712 umbra,

310 1744 452 1831 nobilior,
467 1746 743 1842 palmaplatano
758 1728 1061 1830 conspectioralta,
1151 1765 1155 1772 ⁴

311 1857 453 1946 lucidior⁸
465 1857 582 1942 glacie,
600 1845 730 1923 matura
746 1859 873 1924 dulcior
889 1879 963 1937 uva,
1045 1845 1047 1850 ¹

225 1969 229 1975 ’
311 1970 441 2044 mollior
453 1970 601 2057 et'cycni
621 1970 743 2055 plumis
759 1981 792 2036 et
808 1973 895 2052 lacte
910 1980 1036 2049 coacto,

174 2086 197 2147 .‘
288 2153 290 2158 ,
309 2092 355 2160 et,
370 2081 482 2174 sinon
498 2083 620 2167 fugias,
639 2084 734 2166 riguo
750 2085 926 2171 formosior
942 2085 1056 2164 horto;

309 2177 625 2274 saevior'indomitis
636 2197 756 2283 eadem
772 2196 913 2285 Galatea
928 2195 1089 2274 iuvencis,

310 2306 422 2372 durior
437 2293 565 2390 annosa
578 2304 714 2392 quercu,
732 2308 1011 2389 fallacior-undis:

310 2421 430 2485 lentior
446 2430 480 2486 et
495 2421 605 2485 salicis
620 2421 724 2503 virgis
739 2430 774 2485 et
788 2421 912 2485 vitibus
928 2420 1021 2499 albis,

310 2533 363 2596 his
372 2532 576 2598 immobilior
592 2534 749 2615 scopulis
767 2533 941 2598 violentior
956 2554 1064 2612 amne,

310 2645 445 2709 laudato
462 2665 591 2727 pavone
609 2646 791 2728 superbior,
810 2648 915 2710 acrior
931 2646 1009 2729 igni,

310 2757 457 2839 asperior
472 2757 612 2833 tribulis,
630 2777 730 2821 saeva
745 2758 961 2823 truculentior
976 2780 1063 2837 ursa,

230 2851 232 2858 ¹
310 2869 439 2934 surdior
455 2870 662 2951 aequoribus,
677 2870 808 2934 calcato
823 2870 979 2935 immitior
995 2871 1110 2957 hydr0,

310 2992 353 3059 et,
369 2982 459 3064 quod
475 2980 656 3065 praecipue
672 2983 791 3046 vellem
809 2983 869 3046 tibi
884 2984 1018 3048 demere
1034 3001 1178 3066 possem,

229 3127 233 3136 ·
309 3115 377 3159 non
394 3091 523 3158 tantum
540 3114 639 3159 cervo
656 3095 941 3160 claris-latratibus
957 3107 1032 3160 acto

309 3207 541 3272 verumetiam
558 3207 667 3280 ventis
683 3208 875 3291 volucrique
892 3209 1043 3291 fugacior
1059 3228 1147 3272 aura.

355 3319 433 3383 “At
447 3320 533 3383 bene
550 3321 576 3384 si
593 3320 692 3397 noris,
710 3321 825 3404 pigeat
840 3322 976 3404 fugisse,
994 3341 1169 3404 morasque

211 3503 220 3512 ⁸
309 3434 383 3514 ipsa
399 3441 473 3495 tuas
490 3433 638 3510 damnes
657 3444 691 3499 et
707 3455 759 3497 me
776 3435 917 3498 retinere
934 3435 1072 3498 labores.
1110 3431 1113 3436 ’

310 3545 396 3610 Sunt
412 3545 502 3622 mihi,
520 3567 597 3628 pars
614 3547 744 3623 montis,
762 3547 837 3611 vivo
854 3547 1034 3629 pendentia
1050 3561 1143 3639 saxo¹

308 3668 414 3735 antra,
432 3658 551 3741 quibus
568 3679 628 3723 nec
645 3659 694 3723 sol
710 3659 819 3723 medio
837 3660 977 3723 sentitur
992 3659 1026 3723 in
1042 3670 1137 3724 aestu

309 3790 371 3834 nec
388 3772 529 3835 sentitur
545 3770 669 3848 hiems;
694 3781 771 3835 sunt
787 3792 886 3856 poma
902 3772 1077 3855 gravantia
1093 3793 1211 3836 ramos.
1288 3831 1299 3852 ,
