2996 4384
488 99 491 104 ’
561 87 608 149 ii]

472 354 674 412 uouuuus
705 355 793 412 nuo
824 355 964 414 nemus
1121 366 1188 438 109

179 552 208 606 Ι5
237 539 310 602 “At
319 560 418 622 quam
431 551 508 604 sunt
517 539 660 602 similes!
678 540 727 603 At
737 560 836 621 quam
849 540 1017 603 formosus
1029 541 1187 623 uterque!

280 652 357 714 Plus
369 663 481 716 tamen
499 652 618 715 exiliis
634 653 696 715 iste
712 652 835 734 vigoris
852 652 961 716 habet.

236 765 272 830 Si
288 784 394 845 genus
411 747 560 845 arguitur
577 766 677 841 voltu,
695 764 760 827 nisi
776 764 863 827 fallit
879 764 1001 847 imag0,

278 877 390 940 nescio
407 897 506 959 quem
522 877 616 941 vobis
634 877 783 958 suspicer
800 898 874 941 esse
891 879 1044 941 deum-

234 989 284 1052 At
299 989 327 1052 si
342 990 416 1071 quis
432 998 561 1053 vestrae
577 990 660 1053 deus
675 999 763 1054 essct
779 990 916 1072 originis
933 1000 1057 1069 auctor,

177 1125 207 1160 20
277 1103 311 1163 in
327 1112 396 1165 tam
413 1101 585 1183 praecipiti
602 1111 752 1184 tempore
769 1103 873 1165 ferret
888 1113 996 1185 opem.

160 1254 162 1258 ν
236 1216 353 1278 Ferret
367 1235 465 1296 opem
480 1224 569 1278 certe
586 1215 697 1278 sinon
715 1235 779 1296 ope
796 1226 902 1279 mater
919 1225 1043 1297 egeret,

278 1347 363 1410 quae
379 1328 471 1390 facta
486 1337 537 1391 est
553 1347 619 1390 uno
636 1337 743 1390 mater
758 1336 792 1390 et
808 1328 889 1391 orba
906 1328 969 1391 die.
1124 1314 1130 1321 i

236 1441 326 1503 Nata
343 1439 449 1514 simul,
467 1441 626 1503 moritura
643 1441 750 1516 simul,
769 1441 866 1503 simul
882 1440 926 1503 ite
943 1441 1005 1504 sub
1021 1441 1129 1504 undas

281 1553 450 1635 corpora.'’
493 1553 656 1629 Desierat,
674 1553 897 1636 deposuitque
913 1555 996 1616 sinu.

177 1687 207 1741 ²5
234 1665 421 1747 Vagierunt
437 1665 536 1728 ambo
555 1667 686 1748 pariter,
709 1665 853 1729 sensisse
870 1675 1015 1748 putares.
1204 1683 1333 1741 Exponam

280 1777 327 1840 Hi
344 1778 485 1841 redeunt
501 1779 574 1842 udis
591 1781 624 1841 in
642 1799 703 1842 sua
718 1787 808 1842 tecta
823 1779 928 1861 genis.
1204 1755 1249 1878 {fle

236 1889 386 1956 Sustinet
401 1890 574 1972 impositos
591 1912 721 1954 summa
737 1912 838 1954 cavus
854 1892 969 1954 alveus
985 1890 1083 1954 unda.
1204 1906 1274 1965 noys

280 2005 359 2066 Heu
376 2014 537 2086 quantum
554 2003 616 2066 fati
632 2024 735 2084 parva
750 2004 873 2067 tabella
888 2003 981 2066 tulit!

235 2117 364 2179 Alveus
381 2115 414 2178 in
430 2115 509 2179 limo
528 2116 617 2180 silvis
634 2117 797 2198 adpulsus
813 2117 926 2198 opacis

178 2253 208 2306 30
283 2229 443 2311 paulatim
460 2229 566 2292 fluvio·
576 2229 750 2293 deficiente
767 2229 869 2292 sedet.

235 2342 347 2405 Arbor
363 2352 442 2405 erat.
494 2343 683 2406 Remanent
700 2341 852 2423 vestigia,
870 2361 1020 2423 quaeque
1035 2348 1173 2404 vocatur

281 2456 427 2517 Rumina
442 2475 531 2518 nunc
548 2455 639 2530 ficus
658 2455 803 2518 Romula
819 2455 900 2516 ficus
916 2462 995 2516 erat.

170 2591 173 2598 ’
235 2567 338 2630 Venit
354 2567 396 2630 ad
412 2569 580 2650 expositos
594 2564 729 2651 (mirum
739 2565 763 2650 i)
776 2567 855 2649 lupa
872 2566 940 2628 feta
957 2565 1126 2647 gemellos
1205 2567 1257 2614 The

280 2679 364 2762 Quis
381 2680 495 2743 credat
511 2681 622 2762 pueris
638 2699 705 2743 non
722 2679 874 2743 nocuisse
891 2678 1020 2740 feram?
1205 2640 1273 2689 Μ

178 2810 209 2866 35
237 2793 314 2855 Non
339 2791 492 2856 nocuisse
512 2813 629 2875 parum
649 2801 718 2867 est;
747 2791 883 2873 prodest
906 2810 1046 2873 quoquc.
1093 2789 1189 2872 Quos

219 2958 221 2966 .
324 2906 403 2987 iupa
419 2905 531 2981 nutrit,

280 3018 420 3098 perdere
436 3027 600 3100 cognatae
617 3017 802 3080 sustinuere
818 3036 946 3078 manus

238 3129 394 3196 Constitit
410 3139 444 3194 et
459 3131 566 3193 cauda
581 3131 705 3193 teneris
721 3127 890 3192 blanditur
906 3127 1058 3204 alumnis,

280 3250 314 3305 et
329 3241 425 3324 fingit
441 3243 556 3324 lingua
573 3262 714 3324 corpora
730 3241 808 3304 bina
824 3261 892 3304 sua.

240 3355 350 3417 Marte
366 3363 456 3417 satos
472 3355 593 3430 scircs;
617 3356 716 3417 timor
732 3353 824 3416 afuit.
873 3352 988 3417 Ubera
1003 3351 1130 3414 ducunt

180 3493 211 3540 40
282 3486 343 3529 nec
360 3466 422 3529 sibi
439 3466 594 3548 promissi
610 3466 704 3528 lactis
722 3466 855 3528 aluntur
871 3483 945 3545 ope.

241 3579 303 3640 Illa
319 3578 391 3641 loco
411 3598 534 3641 nomen
551 3578 640 3653 fecit,
658 3569 755 3640 locus
767 3576 838 3658 ipse
857 3574 1028 3657 Lupercis

285 3691 412 3771 Magna
428 3690 496 3753 dati
512 3689 624 3778 nutrix
640 3689 789 3773 praemia
806 3687 901 3751 lactis
918 3686 1028 3750 babet.
