2996 4384
469 339 496 396 A
525 337 707 395 DEFENSE
737 337 790 395 OF
820 333 983 394 POETRY
1133 347 1201 420 119

251 520 335 586 Tres
352 542 467 585 sumus
482 519 633 584 imbelles
648 540 797 596 numero,
815 521 887 583 sine
904 519 1028 583 viribus
1043 540 1133 596 uxor,

290 615 502 716 'Laertesque
518 653 629 709 senex,
647 631 936 714 Telemachusque
953 652 1044 715 puer.

209 759 241 813 95
252 746 313 810 Ille
330 767 390 829 per
405 746 542 810 insidias
559 765 667 828 paene
683 754 735 809 est
750 744 831 808 mihi
846 764 953 826 nuper
968 745 1155 827 ademptus,
1219 757 1272 804 rm

294 858 373 922 dum
390 869 487 941 parat
502 857 613 922 invitis
629 857 783 921 omnibus
799 856 846 921 ire
863 856 976 943 Pylon.
1217 831 1298 954 ἕξω

252 969 306 1047 Di,
324 991 450 1053 precor,
469 971 532 1035 hoc
547 969 693 1047 iubeant,
713 979 749 1034 ut
764 969 921 1034 euntibus
937 969 1052 1034 ordine
1068 970 1147 1035 fatis
1217 981 1268 1028 son

294 1081 349 1146 ille
365 1102 457 1146 meos
473 1083 588 1146 oculos
605 1081 812 1164 comprimat,
825 1081 883 1146 ille
899 1092 984 1147 tuos.
1216 1056 1273 1177 ξιξ,
1393 1129 1395 1132 -

252 1193 343 1258 Hinc
359 1193 488 1258 iaciunt
503 1203 681 1277 custosque
697 1194 798 1258 boum
813 1193 1044 1279 longaevaque
1059 1194 1178 1272 nutrix,

196 1336 241 1372 100
294 1306 411 1371 tertius
426 1305 617 1370 immundae
634 1325 713 1370 cura
728 1306 834 1370 fidelis
851 1307 961 1371 harae.

252 1419 320 1484 Sed
335 1438 445 1502 neque
463 1419 611 1496 La'e'rtes,
625 1427 661 1483 ut
676 1417 734 1503 qui
749 1421 791 1483 sit
806 1419 930 1483 inutilis
946 1419 1055 1496 armis,

295 1530 446 1597 hostibus
462 1531 496 1595 in
513 1531 630 1596 mediis
647 1551 753 1613 regna
768 1541 882 1596 tenere
899 1541 1018 1615 potest,

250 1663 313 1708 nec
329 1644 410 1707 mihi
426 1653 504 1708 sunt
518 1644 606 1708 vires
622 1643 773 1708 inimicos
790 1644 1034 1736 pelleretectis.

294 1757 348 1821 Tu
363 1756 460 1821 citius
476 1757 600 1834 venias,
618 1765 735 1839 portus
751 1765 785 1820 et
801 1776 881 1819 aura
897 1755 971 1820 tuis.

197 1887 241 1941 105
251 1869 455 1933 Telemacho
470 1869 591 1947 veniet,
607 1868 699 1932 vivat
715 1868 823 1945 modo,
842 1869 959 1932 fortior
974 1877 1086 1948 aetas;

294 2001 384 2045 nunc
400 1990 472 2045 erat
487 1980 615 2045 auxiliis
631 1980 688 2045 illa
704 1980 829 2044 tuenda
844 1979 956 2063 patris.

253 2095 315 2158 Est
330 2093 398 2170 tibi,
416 2095 534 2177 sitque,
553 2113 679 2174 precor,
697 2103 805 2168 natus,
823 2091 880 2174 qui
895 2092 1049 2156 mollibus
1065 2095 1160 2158 annis

294 2208 329 2269 in
345 2205 468 2288 patrias
485 2207 565 2269 artis
581 2187 785 2294 erudiendus
801 2212 881 2268 erat.

253 2318 397 2400 Respice
415 2319 579 2393 Laertem
604 2327 640 2380 ut
655 2317 721 2380 iam
738 2337 799 2380 sua
814 2316 940 2379 lumina
956 2315 1091 2392 condas,

196 2451 242 2487 110
294 2441 478 2495 extremum
496 2430 557 2493 fati
573 2431 715 2493 sustinet
730 2429 784 2492 ille
801 2427 898 2492 diem.

252 2545 351 2608 Certe
366 2563 439 2625 ego,
457 2563 542 2626 quae
559 2543 689 2605 fueram
705 2551 738 2604 te
754 2539 947 2604 discedente
963 2540 1083 2623 puella,

295 2655 445 2738 protinus
462 2665 498 2718 ut
513 2654 637 2728 venias,
655 2654 746 2716 iacta
761 2652 898 2717 videbor
914 2673 1006 2716 anus.

659 2864 796 2890 ...0.-

306 3037 456 3108 ΧΧΙΧ.
492 3036 527 3105 Α
557 3018 805 3105 D'EFENSE
834 3033 904 3105 OF
933 3033 1151 3105 POETRY
1197 2975 1199 2978 v

1219 3191 1305 3240 ovid's

253 3216 342 3297 Quid
359 3215 448 3291 mihi,
466 3215 548 3278 livor
564 3215 658 3290 edax,
676 3213 816 3296 ignavos
832 3212 935 3277 obicis
952 3234 1058 3276 annos
1219 3267 1346 3314 mnium

295 3328 486 3410 ingeniique
501 3347 603 3390 vocas
620 3346 754 3389 carmen
770 3325 884 3389 inertis
901 3326 1008 3408 opus?

254 3442 331 3504 Non
348 3460 401 3504 me
418 3459 508 3503 more
525 3448 667 3520 patrum,
685 3438 764 3500 dum
780 3447 916 3501 strenua
932 3438 1074 3502 sustinet
1090 3447 1192 3515 aetas,

295 3552 444 3635 praemia
460 3551 596 3615 militiae
612 3550 843 3633 pulverulenta
859 3551 962 3634 sequi,

225 3677 238 3731 5
252 3686 314 3729 nec
330 3685 383 3728 me
398 3664 557 3728 verbosas
573 3664 667 3747 leges
683 3663 841 3740 ediscere,
859 3684 922 3728 nec
938 3684 991 3727 me

296 3778 428 3860 ingrato
443 3797 561 3841 vocem
577 3775 786 3860 prostituisse
802 3776 899 3842 foro?
