2988 4388
303 304 350 373 24
513 294 763 353 SELECTIONS
794 293 911 352 FROM
941 294 1045 351 OVID

301 479 397 541 litora
412 485 493 541 vece
510 478 617 559 replet
632 477 693 540 sub
709 485 849 560 utreque
865 475 1007 540 iacentia
1024 472 1167 540 Phoebe.

301 591 397 653 Tunc
413 610 554 673 quoque,
571 600 608 652 ut
623 597 681 652 era
696 590 750 652 dei
764 589 896 652 madidet
911 588 1056 652 rerantia
1070 588 1174 652 barbe

302 703 441 785 contigit
456 712 489 766 et
505 702 624 766 cecinit
639 703 746 766 iussos
762 702 876 765 infleta
892 709 1055 784 receptus,

302 815 456 879 omnibus
471 814 584 878 audita
599 825 650 879 est
665 814 793 878 telluris
809 823 842 877 et
857 813 1011 896 aequoris
1027 813 1142 893 undis;

301 938 336 993 et
350 928 470 1012 quibus
485 937 536 991 est
552 927 648 990 undis
664 928 785 1003 audita,
803 926 947 990 coercuit
963 936 1078 990 omnis.
1134 939 1136 943 ·
1276 947 1307 998 30

303 1042 375 1104 Iam
391 1061 483 1104 mare
499 1042 575 1103 litus
592 1040 711 1114 habet;
737 1039 853 1120 plenos
870 1037 959 1121 capit
974 1039 1088 1102 alveus
1104 1048 1229 1115 amnis3

301 1153 439 1216 flumina
455 1152 638 1228 subsidunt,
656 1152 823 1234 collesque
838 1160 926 1214 exire
942 1151 1113 1228 videntur;

301 1265 409 1348 surgit
426 1266 565 1342 humus;
590 1272 743 1327 crescunt
763 1264 835 1326 loca
854 1263 1121 1327 decrescentibus
1137 1265 1252 1340 undis;

302 1388 443 1460 postque
459 1377 546 1440 diem
564 1378 697 1459 longam
714 1378 838 1440 nudeta
855 1376 1030 1439 cacfimina
1045 1376 1149 1440 silvae

302 1490 489 1565 ostendunt,
508 1490 688 1572 limumque
704 1498 820 1552 tenent
835 1489 868 1551 in
885 1489 1005 1553 fronde
1020 1488 1180 1553 relictum.
1275 1511 1306 1563 35

304 1603 467 1664 Redditus
483 1601 571 1665 orbis
587 1610 665 1665 erat.
703 1601 813 1684 Quem
830 1611 1007 1684 postquam
1024 1600 1104 1664 vidit
1120 1602 1252 1664 inenem

302 1723 335 1778 et
351 1714 516 1776 desoletes
532 1733 632 1795 agere
647 1714 714 1775 alta
730 1712 861 1776 silentia
876 1720 990 1789 terres,
1166 1699 1171 1708 ,

304 1825 488 1889 Deucalien
506 1826 647 1888 lacrimis
663 1825 709 1888 ita
726 1825 886 1909 Pyrrham
904 1825 1038 1888 adfertur
1053 1825 1195 1889 obortis:

332 1926 407 2004 “‘O
425 1960 524 2015 soror,
542 1925 573 2004 s)
590 1940 741 2014 coniunx,
760 1923 791 2003 ὁ
807 1939 942 2014 femina,
960 1940 1030 2002 sola
1045 1949 1224 2020 superstes

303 2072 402 2135 quam
419 2058 594 2115 commune
611 2050 691 2113 mihi
706 2071 813 2132 genus
829 2060 862 2113 et
878 2051 1037 2133 patruelis
1052 2059 1153 2133 origo,
1275 2070 1306 2116 40

302 2164 422 2228 deinde
438 2173 529 2226 torus
545 2163 658 2239 iunxit,
675 2184 764 2226 nunc
780 2163 853 2245 ipsa
870 2164 1016 2244 pericula
1032 2163 1191 2245 iungunt:

302 2283 472 2352 terrerum,
490 2283 717 2358 quiscumque
733 2275 848 2339 vident
863 2281 1001 2339 occisus
1017 2285 1050 2338 et
1065 2285 1165 2351 ortus,

302 2397 364 2452 nos
380 2389 445 2452 duo
461 2388 557 2451 turba
573 2408 705 2463 sumus;
731 2387 878 2469 possedit
894 2394 1003 2450 cetera
1019 2396 1150 2470 pontus.

304 2502 399 2564 Haec
416 2519 547 2582 quoque
562 2500 671 2562 adhuc
687 2509 774 2562 vitae
789 2506 856 2562 non
873 2509 924 2563 est
938 2499 1063 2563 iidficia
1078 2509 1210 2563 nostrae

302 2623 393 2676 certa
408 2613 506 2689 satis;
530 2621 655 2675 terrent
671 2613 769 2675 etiam
787 2632 875 2675 nunc
893 2612 1007 2675 nubila
1023 2621 1177 2676 mentem.
1274 2635 1305 2687 45

303 2725 387 2807 Quis
403 2724 471 2800 tibi,
489 2734 517 2788 si
532 2724 603 2787 sine
619 2731 672 2786 me
688 2725 767 2787 fetis
786 2732 900 2807 erepta
915 2724 1046 2800 fuisses,

303 2857 391 2900 nunc
407 2837 545 2912 animus,
563 2837 760 2913 miseranda,
778 2837 887 2900 foret?
923 2837 1000 2919 Qud
1016 2837 1086 2899 sola
1102 2835 1252 2900 timerem

302 2951 390 3012 ferre
406 2950 505 3012 mode
520 2949 658 3031 posses?
704 2949 782 3031 Que
797 2951 989 3012 consolante
1005 2948 1155 3011 doleres?

301 3182 335 3237 te
350 3193 514 3268 sequerer,
532 3172 684 3248 coniunx,
701 3182 735 3236 et
750 3180 803 3235 me
818 3194 950 3256 quoque
966 3181 1088 3255 pontus
1104 3172 1251 3237 haberet.
1276 3195 1306 3253 50

303 3275 334 3352 O
352 3287 478 3350 utinam
495 3307 627 3369 possem
645 3287 786 3368 populos
803 3294 957 3368 reparere
974 3297 1122 3369 paternis

302 3401 427 3464 artibus
443 3409 542 3483 atque
558 3401 685 3462 animis
701 3400 864 3462 formatae
880 3400 1057 3463 infundere
1073 3399 1199 3464 terrae!

304 3513 402 3576 Nunc
419 3532 526 3594 genus
542 3511 574 3573 in
591 3512 686 3574 nobis
703 3519 806 3574 restat
822 3513 959 3574 mortele
975 3512 1105 3575 duobus

300 3625 363 3706 (sic
388 3634 495 3688 visum
520 3629 673 3706 superis),
699 3624 936 3706 hominumque
962 3624 1114 3706 exempla
1144 3632 1254 3687 mane-

390 3736 495 3800 mus.”
