2988 4388
317 311 357 376 18
521 319 769 379 SELECTIONS
791 321 916 380 :FROM
948 319 1051 378 OVID

311 500 449 564 flumina
463 504 528 564 iam
545 502 649 579 lactis,
666 505 732 565 iam
749 503 886 565 flumina
901 503 1044 567 nectaris
1060 503 1162 579 ibant,

311 612 464 696 flavaque
481 615 521 677 de
537 615 633 678 viridi
649 615 818 678 stillabant
834 615 907 678 ilice
924 616 1031 679 mella.

356 727 535 808 Postquam
553 728 698 791 Saturni>
713 728 890 790 tenebrdsa
905 729 939 789 in
956 729 1096 790 Tartara
1112 727 1213 791 missi)
1283 751 1313 803 25

311 838 373 903 sub
391 839 470 903 Iove
486 840 630 902 mundus
647 850 726 915 erat,
745 839 845 902 subiit
860 853 1020 924 argentea
1036 842 1154 922 prbles,

311 959 393 1014 auri)
408 951 559 1027 deterior,
577 952 669 1014 fulvi)
686 952 859 1033 pretiirsior
876 971 961 1015 aere.

254 1045 260 1054 ⁹
311 1063 462 1145 Iuppiter
479 1073 606 1146 antiqui
621 1064 784 1127 contraxit
800 1074 951 1145 tempora
967 1064 1062 1139 veria

309 1196 435 1258 perque
451 1175 577 1240 hiemes
593 1183 772 1258 aestusque
788 1154 821 1240 et
837 1176 1021 1258 inaequalis
1037 1183 1214 1239 autumnris

308 1298 343 1352 et
357 1287 458 1352 breve
473 1296 532 1351 ver
548 1289 664 1370 spatiis
680 1290 790 1370 exegit
806 1298 963 1370 quattuor
979 1309 1113 1351 annum.

309 1401 396 1463 Tum
412 1411 555 1482 primum
572 1401 668 1465 siccis
683 1409 740 1464 aer
755 1401 941 1464 fervdribus
958 1408 1052 1463 tistus

309 1513 454 1588 canduit,
471 1523 504 1576 et
519 1523 627 1577 ventis
643 1513 767 1596 glacies
783 1515 919 1577 astricta
935 1513 1105 1594 pependit.

308 1626 396 1687 Tum
408 1635 551 1706 primum
563 1626 693 1689 subiere
708 1625 836 1689 domtis,
866 1628 996 1689 Domus
1012 1635 1108 1688 antra
1123 1625 1259 1688 fuerunt

308 1746 342 1800 et
358 1738 453 1800 densi
469 1738 606 1801 frutices
623 1748 656 1802 et
671 1737 803 1802 vinctae
819 1738 941 1801 cortice
956 1739 1078 1818 virgae.

310 1849 445 1914 Semina
460 1860 531 1913 tum
547 1860 691 1933 primum
709 1852 816 1932 longis
833 1849 983 1916 Cerealia
999 1850 1099 1913 sulcis

308 1961 427 2024 obruta
443 1972 528 2039 sunt,
547 1973 718 2045 pressique
735 1963 813 2045 iugi>
829 1970 986 2045 gemuere
1003 1962 1142 2025 iuvenci.

341 2076 466 2138 Tertia
481 2085 557 2156 post
573 2076 646 2139 illas
663 2075 822 2139 successit
839 2082 944 2138 aenea
960 2075 1079 2156 prdles

308 2181 438 2251 saevior
453 2166 596 2268 ingeniis
613 2198 646 2250 et
662 2188 704 2250 ad
720 2187 854 2250 horrida
871 2187 1056 2269 pr6mptior
1072 2207 1173 2262 arma,

308 2307 375 2362 nim
392 2300 552 2363 scelerata
567 2309 688 2363 tamen.
730 2302 783 2363 De
800 2300 882 2362 duri>
898 2310 949 2362 est
965 2299 1082 2362 ultima
1097 2299 1195 2363 ferri).

310 2413 462 2474 Prdtinus
478 2413 604 2493 inrripit
618 2419 730 2475 venae.
740 2412 861 2495 peiciris
877 2413 911 2474 in
927 2432 1046 2476 aevum
1277 2425 1310 2474 40

308 2544 406 2586 omne
423 2525 519 2587 nefas
528 2545 536 2601 ;
554 2524 672 2606 frigere
688 2524 796 2607 pudor
810 2532 992 2607 verumque
1008 2524 1165 2607 fidesque,

307 2638 341 2699 in
358 2644 498 2718 quinum
515 2636 646 2700 subiere
661 2637 770 2701 locum
786 2637 988 2719 fraudesque
1004 2637 1135 2719 dolique

308 2749 513 2832 insidiaeque
528 2760 562 2813 et
577 2758 627 2812 vis
643 2759 676 2812 et
693 2770 785 2813 amor
801 2748 981 2812 sceleratus
997 2747 1151 2812 habendi.

308 2861 394 2925 Vela
405 2860 507 2922 dabat
521 2871 628 2924 ventis
644 2858 722 2941 (nec
740 2862 849 2925 adhtic
864 2863 951 2927 bene
968 2872 1107 2927 n6verat
1123 2865 1195 2927 illins

309 2971 445 3056 navita),
465 2992 617 3055 quaeque
634 2973 689 3036 diu
707 2982 867 3035 steterant
882 2974 917 3034 in
936 2971 1105 3035 montibus
1121 2973 1205 3048 altis
1278 2984 1309 3036 45

308 3084 463 3148 fluctibus
478 3093 601 3166 ignitis
616 3085 817 3148 insultavere
834 3094 974 3148 carinae.

309 3197 595 3280 Communemque
611 3197 702 3279 prius
719 3217 780 3259 ceu
795 3197 921 3259 himina
937 3196 1015 3259 sirlis
1031 3206 1065 3260 et
1080 3203 1187 3273 auras,

308 3318 426 3372 cautus
443 3309 581 3372 humum
597 3310 699 3390 longi)
714 3310 856 3390 signavit
872 3309 975 3373 limite
992 3317 1132 3373 mensor.

311 3421 342 3483 N
345 3442 383 3486 ec
399 3431 529 3485 tantum
547 3429 677 3503 segetes
694 3421 919 3504 alimentaque
935 3421 1047 3485 debita
1063 3421 1155 3484 dives

309 3534 508 3617 priscebatur
524 3534 654 3610 humus,
671 3533 730 3596 sed
746 3535 827 3596 itum
845 3543 895 3597 est
910 3535 945 3596 in
960 3543 1088 3596 viscera
1103 3543 1228 3607 terrae;
1280 3548 1310 3602 50
1377 3575 1379 3582 ·

310 3654 457 3729 quasque
474 3646 705 3709 recondiderat
722 3646 913 3730 Stygiisque
929 3646 1122 3709 admiiverat
1131 3645 1258 3708 umbris

309 3758 514 3823 effodiuntur
530 3765 620 3841 opes,
637 3759 850 3821 inritamenta
867 3758 1038 3820 maldrum.
