2996 4384
510 361 599 418 acis
629 361 717 418 nun
748 355 969 419 GALATEA'
1129 371 1193 445 105

248 541 334 607 Sunt
350 564 430 607 auro
447 541 570 608 similes
586 543 694 625 longis
710 543 744 606 in
760 543 882 608 vitibus
899 565 991 621 uvae,

188 669 219 736 65
246 665 324 719 sunt
337 666 370 720 et
386 676 592 738 purpureae3
617 655 676 719 tibi
692 665 725 719 et
742 657 803 720 has
819 676 991 719 servamus
1007 666 1040 720 et
1056 655 1137 720 illas

247 770 328 850 ipsa
344 769 408 831 tuis
425 769 577 831 manibus
594 768 735 831 silvestri
751 778 830 832 nata
847 769 908 832 sub
924 770 1042 833 umbra

246 880 357 944 mollia
372 881 470 964 fraga
486 882 586 962 leges
603 880 676 962 ipsa
692 882 897 945 autumnalia
912 902 1023 958 corna,

245 995 428 1075 prunaque,
446 1013 513 1056 non
531 993 637 1056 solum
654 994 749 1074 nigro
765 993 901 1058 liventia
918 1015 997 1058 suco
1081 1029 1084 1036 ι

244 1126 360 1169 verum
377 1105 477 1169 etiam
494 1125 657 1186 generosa
674 1092 843 1189 novasque
856 1106 1019 1171 imitantia
1035 1127 1137 1171 ceras.

187 1249 218 1298 70
247 1219 319 1281 Nec
335 1217 395 1281 tibi
410 1228 587 1281 castaneae
603 1238 656 1281 me
673 1219 825 1300 coniuge,
844 1239 905 1283 nec
921 1219 981 1282 tibi
997 1219 1138 1284 deerunt

245 1330 374 1393 arbutei
390 1331 498 1406 fetus;
523 1330 630 1394 omnis
647 1330 706 1393 tibi
722 1331 844 1394 serviet
860 1332 967 1396 arbos.

290 1443 396 1506 “Hoc
424 1463 527 1524 pecus
554 1462 651 1506 omne
677 1462 787 1506 meum
812 1450 881 1520 ‘est;
913 1445 1037 1509 multae
1063 1463 1197 1528 quoque

295 1561 296 1564 ’
330 1555 473 1619 vallibus
489 1566 610 1633 errant,
669 1623 672 1629 ,
1132 1561 1133 1564 ’

244 1667 365 1732 multas
382 1667 466 1731 silva
481 1667 573 1749 tegit,
591 1669 715 1732 multae
732 1669 941 1733 stabulantur
957 1669 990 1732 in
1007 1671 1120 1733 antris.

246 1782 327 1858 Nec,
345 1780 373 1845 si
389 1782 475 1844 forte
491 1800 598 1862 roges
617 1781 742 1862 possim
759 1780 819 1844 tibi
836 1781 946 1845 dicere
963 1789 1043 1863 quot
1060 1780 1144 1858 sint;

184 1917 215 1974 75
244 1895 401 1976 pauperis
417 1904 468 1957 est
483 1902 657 1957 numerare
673 1913 785 1975 pecus.
834 1892 887 1958 De
904 1892 1056 1958 laudibus
1076 1893 1194 1956 harum

244 2006 289 2068 nil
305 2005 386 2069 mihi
401 2005 598 2081 credideris;
622 1993 781 2088 praesens
798 2014 894 2087 potes
910 2005 983 2088 ipsa
998 2005 1110 2071 videre

243 2128 279 2182 ut
294 2118 347 2181 vix
363 2119 566 2182 circumeant
582 2117 761 2181 distentum
778 2117 927 2181 cruribus
944 2117 1035 2182 uber.

243 2231 337 2308 Sunt,
354 2232 463 2295 fetura
480 2229 596 2305 minor,
612 2230 733 2312 tepidis
750 2230 783 2293 in
800 2230 940 2293 ovilibus
957 2231 1053 2312 agni3

242 2353 320 2406 sunt
335 2363 476 2427 quoque,
494 2363 555 2424 par
571 2351 672 2419 aetas,
690 2342 762 2405 aliis
778 2342 811 2405 in
828 2342 969 2406 ovilibus
986 2342 1093 2406 haedi.

180 2465 214 2516 80
243 2456 312 2519 Lac
330 2455 410 2518 mihi
426 2457 558 2536 semper
574 2454 669 2518 adest
684 2454 834 2531 niveum3
861 2474 938 2535 pars
957 2454 1034 2518 inde
1049 2453 1193 2518 bibenda

242 2577 400 2644 servatur,
418 2577 547 2649 partem
564 2565 744 2648 liquefacta
761 2567 902 2648 coagula
919 2567 1050 2629 durant.

243 2681 315 2744 Nec
331 2679 390 2744 tibi
406 2679 543 2744 deliciae
559 2679 675 2742 faciles
691 2679 893 2761 vulgataque
910 2687 1039 2741 tantum
1074 2689 1075 2692 ’

242 2793 379 2856 niunera
400 2791 603 2873 contingent,
625 2791 777 2854 dammae
799 2792 995 2873 leporesque
1016 2811 1191 2874 caperque,

242 2925 344 2987 parve
360 2905 588 2968 columbarum
605 2904 802 2985 demptusve
819 2903 989 2967 cacumine
1005 2902 1111 2967 nidus

182 3035 214 3100 85
244 3014 360 3082 Inveni
376 3018 536 3100 geminos,
553 3014 610 3100 qui
621 2996 735 3080 ⁴tecum
752 3015 864 3079 ludere
882 3003 1018 3097 possint,

242 3129 326 3194 inter
342 3151 377 3194 se
393 3129 517 3206 similis,
535 3127 589 3191 vix
605 3138 641 3192 ut
657 3127 853 3209 dignoscere
869 3128 987 3209 possis,

241 3243 377 3306 villosae
394 3242 521 3306 catulos
537 3241 570 3303 in
587 3241 724 3303 summis
741 3239 908 3303 montibus
925 3259 1040 3314 ursae;

241 3355 351 3418 inveni
367 3364 401 3418 et
417 3353 492 3429 dixi,
511 3351 695 3416 ‘Dominae
712 3351 916 3415 servabimus
933 3351 1033 3415 istos?

243 3469 315 3530 lam
332 3467 430 3530 modo
447 3466 597 3530 caeruleo
614 3464 753 3527 nitidum
771 3472 871 3545 caput
886 3484 1000 3528 exsere
1016 3474 1129 3545 pontu,

183 3609 216 3660 90
242 3579 316 3655 ianr,
335 3580 484 3654 Galatea,
501 3578 585 3652 veni,
604 3598 664 3640 nec
683 3596 820 3639 munera
836 3577 970 3658 despice
986 3585 1109 3640 nostra.

286 3693 414 3756 “Certe
430 3712 493 3773 ego
510 3712 563 3754 me
579 3692 656 3752 novi
673 3689 883 3771 liquidaeque
899 3688 932 3750 in
949 3688 1094 3770 imagine
1110 3689 1176 3752 vidi
1212 3699 1244 3748 or

243 3825 349 3888 nuper
365 3825 479 3887 aquae,
499 3804 689 3886 placuitque
706 3802 785 3864 mihi
803 3822 876 3865 mea
893 3801 1001 3864 forma
1016 3801 1150 3865 videnti.
1212 3773 1316 3822 nimian
