2996 4384
312 367 379 425 1522
511 357 762 416 SELECTIONS
792 357 909 415 FROM
940 357 1045 415 OVID

308 541 489 624 Excipiunt
504 540 657 606 lacrimas
673 542 780 624 sparsi
796 560 857 624 per
872 540 958 605 colla
974 539 1095 623 capilli.

350 674 473 737 oraque
489 656 637 736 singultu
653 653 862 718 concutiente
878 663 1007 717 sonant.

308 768 433 829 Fratris
448 768 482 828 in
499 767 638 830 Aeneae
653 768 700 830 sic
716 766 808 829 illum
825 766 942 830 lunere
958 766 1073 828 dicunt

313 879 315 883 ’
349 899 521 961 egressum
537 879 643 955 tectis,
661 878 800 961 pulcher
817 879 899 955 Iule,
916 877 990 941 tuis.

307 992 380 1055 Nec
396 991 505 1054 minus
521 1001 572 1055 est
588 992 731 1055 confusa
745 992 861 1054 Venus
877 991 1039 1054 moriente
1054 988 1188 1054 Tibullo
1286 1013 1316 1069 ις

349 1124 448 1186 quam
464 1103 576 1168 iuveni
591 1105 681 1186 rupit
696 1123 771 1167 cum
788 1104 879 1166 ferus
895 1102 1019 1184 inguen
1036 1122 1125 1184 aper.

306 1216 355 1279 At
371 1217 457 1279 sacri
471 1225 566 1280 vates
582 1225 616 1280 et
631 1216 744 1279 divum
760 1235 840 1279 cura
855 1235 1030 1291 vocamur;

349 1336 426 1418 sunt
442 1325 542 1390 etiam
558 1329 615 1410 qui
631 1347 692 1390 nos
708 1348 832 1392 numen
850 1328 974 1392 habere
991 1338 1118 1412 putent.

307 1440 441 1505 Scilicet
456 1459 555 1503 omne
571 1458 702 1502 sacrum
718 1458 807 1502 mors
822 1440 1013 1520 importuna
1028 1438 1193 1520 profanat,

350 1551 504 1615 omnibus
520 1550 678 1614 obscuras
694 1551 787 1613 inicit
802 1550 858 1613 illa
874 1570 1002 1613 manus.
1286 1575 1317 1610 κο

308 1663 398 1746 Quid
414 1673 510 1747 pater
526 1663 675 1739 Ismario,
693 1663 772 1746 quid
788 1671 894 1727 mater
910 1663 1036 1745 profuit
1052 1662 1214 1745 Orpheo?

351 1776 506 1840 Carmine
523 1777 601 1858 quid
617 1774 725 1838 victas'
740 1773 951 1856 obstupuisse
968 1771 1080 1836 feras?

307 1888 453 1952 Aelinon
469 1889 503 1951 in
520 1887 613 1950 silvis
626 1888 713 1951 idem
729 1895 833 1969 pater,
851 1886 983 1949 aelinon
999 1884 1074 1946 altis

352 2000 470 2072 dicitur
486 1998 589 2062 invita
605 1999 813 2063 concinuisse
829 1999 909 2081 lyra.

309 2112 417 2176 Adice
435 2112 646 2188 Maeoniden,
664 2132 684 2174 a
699 2131 774 2193 quo,
791 2130 853 2173 ceu
869 2110 962 2172 fonte
978 2107 1127 2190 perenni,
1287 2127 1318 2181 25

351 2233 465 2288 vatum
482 2224 596 2288 Pieriis
612 2245 670 2287 ora
685 2225 836 2304 rigantur
851 2223 963 2304 aquis;

309 2339 397 2401 hunc
417 2357 548 2420 quoque
569 2357 698 2399 summa
719 2335 789 2399 dies
805 2334 900 2416 nigro
917 2332 1096 2397 submersit
1110 2330 1256 2394 Averno.

353 2448 547 2531 Diffugiunt
562 2449 676 2512 avidos
692 2447 839 2510 carmina
855 2447 925 2509 sola
940 2466 1049 2527 rogos.

310 2562 420 2625 Durat
434 2582 519 2644 opus
534 2570 657 2636 vatum,
675 2558 811 2622 Troiani
826 2559 917 2620 fama
933 2557 1064 2634 laboris

352 2673 513 2755 tardaque
529 2682 691 2736 nocturno
708 2672 775 2734 tela
791 2680 918 2734 retexta
934 2669 1019 2733 dolo.
1286 2684 1318 2736 ³⁰

310 2787 365 2850 Sic
384 2786 538 2848 Nemesis
554 2784 700 2866 longum,
718 2785 765 2846 sic
783 2784 882 2847 Delia
897 2802 1018 2846 nomen
1035 2779 1214 2856 habebunt,

353 2898 457 2960 altera
472 2917 552 2960 cura
567 2916 693 2972 recens,
710 2896 814 2958 altera
830 2896 956 2977 primus
973 2913 1073 2956 amor.
1152 2912 1155 2918 ·

311 3009 396 3073 Cum
412 3010 546 3091 rapiunt
561 3008 649 3071 mala
666 3009 736 3070 fata
752 3008 858 3071 bonos
873 3005 1050 3088 (ignoscite
1067 3002 1183 3086 fasso),

354 3120 512 3183 sollicitor
527 3120 635 3184 nullos
652 3140 725 3184 esse
741 3129 859 3202 putare
876 3119 965 3182 deos.

310 3233 395 3297 Vive
412 3231 505 3315 pius;
530 3232 670 3295 moriere
687 3234 770 3315 pius.
819 3232 899 3296 Cole
916 3251 1027 3306 sacra;
1052 3228 1217 3291 colentem
1288 3241 1319 3294 35

355 3365 445 3408 mors
461 3346 573 3426 gravis
589 3365 608 3406 a
624 3346 756 3427 templis
773 3344 806 3406 in
823 3364 905 3407 cava
920 3342 1017 3405 busta
1032 3341 1151 3404 trahet.

312 3456 523 3522 Carminibus
540 3456 669 3519 confide
685 3455 800 3533 bonis;
825 3456 911 3519 iacet
927 3475 1004 3518 ecce
1020 3453 1183 3528 Tibullus

355 3568 408 3632 vix
424 3577 570 3632 manete
587 3577 656 3632 toto
673 3589 776 3651 parva
793 3568 882 3650 quod
898 3588 981 3630 urna
997 3566 1095 3647 capit.

312 3682 415 3755 Tene,
433 3701 528 3744 sacer
542 3689 646 3757 vates,
663 3681 816 3743 flammae
832 3699 973 3763 rapuere
989 3679 1130 3758 rogales,

357 3792 547 3875 pectoribus
564 3794 656 3875 pasci
672 3813 733 3856 nec
749 3792 889 3856 timuere
904 3790 993 3856 tuis?
