2996 4384
422 347 510 405 THE
540 347 796 406 VENGEANCE
825 347 878 404 OF
906 346 1052 404 NESSUS
1162 337 1206 427 89

257 532 396 608 mittere,
414 550 499 614 quae
515 532 592 594 viris
610 531 741 595 deiecto
758 531 875 595 reddat
890 529 1002 594 amori.

259 645 448 726 Ignaroque
466 643 601 719 Lichae,
619 637 698 726 quid
714 643 824 706 tradat
840 643 963 719 nescia,
980 643 1088 706 luctus

258 756 331 839 ipsa
347 777 424 819 suos
440 755 549 832 tradit,
566 755 763 839 blandisque
779 756 964 819 miserrima
979 754 1088 818 verbis

201 879 230 932 55
258 869 345 932 dona
362 868 419 932 det
434 867 490 931 illa
505 870 575 933 viro
591 869 736 932 mandat.
785 869 885 950 Capit
900 868 1024 931 inscius
1041 868 1148 943 heros,

258 981 470 1064 induiturque
486 981 608 1044 umeris
626 983 798 1045 Lernaeae
815 980 905 1044 virus
920 980 1092 1044 echidnae.

301 1094 392 1157 Tura
409 1094 510 1158 dabat
527 1093 641 1176 primis
657 1103 691 1157 et
706 1094 808 1157 verba
823 1093 997 1176 precantia
1012 1092 1163 1169 flammis,
1186 1092 1187 1095 ’
1225 1098 1326 1146 nessus

257 1205 401 1289 vinaque
417 1226 618 1270 marmoreas
635 1216 751 1288 patera
767 1205 931 1269 fundebat
945 1205 979 1268 in
995 1226 1080 1282 araS,
1159 1273 1161 1277 ,
1225 1174 1350 1234 ¹⁸⁷⁸¹¹⁸⁰⁶

255 1319 394 1396 incaluit
408 1321 459 1382 vis
475 1319 530 1381 illa
546 1319 633 1394 mali,
650 1319 861 1401 resolutaque
878 1317 1020 1381 flammis

198 1435 230 1486 60
260 1433 446 1495 Herculeos
463 1431 544 1494 abiit
560 1431 625 1494 late
637 1431 766 1513 dilapsa
781 1451 842 1514 per
857 1417 957 1494 artus.

260 1537 350 1599 Dum
368 1536 484 1628 potuit,
501 1535 598 1598 solita
614 1536 775 1617 gemitum
791 1535 911 1598 virtute
928 1535 1103 1617 repressit3

256 1648 344 1713 victa
361 1649 456 1712 malis
473 1657 650 1730 postquam
666 1657 718 1712 est
734 1641 903 1729 patientia,
917 1649 1067 1730 ¹reppulit
1083 1669 1167 1724 aras,

246 1759 473 1844 *implevitque
489 1739 558 1824 suis
574 1780 786 1824 nemorosum
803 1760 940 1824 vocibus
957 1760 1076 1825 Oeten.

259 1877 331 1939 Nec
348 1895 450 1950 mora,
468 1873 633 1938 letiferam
649 1866 788 1937 conatur
804 1871 954 1936 scindere
970 1883 1117 1950 vestem3

197 1999 229 2065 65
258 2009 324 2073 qua
338 1987 489 2063 trahitur,
506 1986 608 2051 trahit
624 1985 680 2049 illa
695 1996 815 2062 cutem,
832 1985 1036 2068 foedumque
1052 1975 1168 2062 relatu,

257 2111 314 2173 aut
330 2102 445 2164 haeret
461 2098 617 2163 membris
634 2099 759 2162 frustra
775 2107 938 2179 temptata
954 2098 1068 2161 revelli

256 2224 315 2278 aut
329 2213 455 2278 laceros
471 2223 562 2277 artus
578 2221 612 2276 et
627 2211 767 2294 grandia
783 2210 910 2293 detegit
924 2231 1010 2274 ossa.

257 2329 272 2392 Ι
277 2348 336 2411 pse
352 2347 458 2404 cruor,
476 2325 586 2408 gelido
602 2345 664 2388 ceu
680 2324 849 2406 quondam
867 2323 989 2386 lamina
1005 2322 1153 2387 candens

255 2440 360 2505 tincta
376 2441 459 2516 lacu,
478 2438 594 2513 stridit,
613 2438 830 2519 coquiturque
847 2436 985 2499 ardente
1001 2456 1140 2500 veneno.

301 2554 374 2617 Nec
387 2552 505 2616 modus
517 2559 577 2615 est.
625 2550 768 2615 Sorbent
780 2549 897 2612 avidae
914 2536 1108 2631 praecordia
1119 2548 1208 2612 flam-

197 2686 228 2735 70
342 2685 425 2742 mae,

255 2780 494 2861 caeruleusque
509 2776 581 2840 fluit
596 2785 665 2840 toto
681 2776 723 2840 de
739 2795 877 2857 corpore
894 2774 1003 2850 sudor,

255 2889 467 2974 ambustique
482 2899 604 2954 sonant
619 2889 730 2964 ncrvi;
755 2907 922 2970 caecaque
938 2885 1091 2950 medullis

254 3001 331 3066 tabe
347 2999 535 3084 liquefactis
552 2998 672 3079 tollens
689 2998 731 3061 ad
748 2996 858 3061 sidera
874 2995 1014 3079 palmaS,

256 3119 274 3147 “
285 3111 475 3186 cladibus,”
493 3111 666 3186 exclamat,
685 3115 703 3142 “
716 3109 882 3184 Saturnia,
901 3127 1039 3189 pascere
1055 3108 1186 3170 nostris.

197 3249 226 3301 75
255 3227 404 3302 Pascere,
422 3235 454 3288 et
471 3225 558 3287 hanc
574 3233 703 3305 pestem
721 3231 845 3305 specta,
863 3220 1015 3296 crudelis
1033 3220 1075 3282 ab
1092 3220 1168 3296 altu,

254 3359 376 3421 corque
394 3338 502 3401 ferum
519 3337 611 3399 satia.
658 3335 723 3399 Vel
738 3334 766 3397 si
782 3333 990 3396 miserandus
1007 3341 1041 3395 et
1057 3332 1153 3408 hosti,

254 3453 318 3514 hoc
334 3460 385 3514 est
401 3449 429 3513 si
444 3449 504 3515 tibi
520 3469 603 3524 sum,
621 3447 699 3511 diris
716 3445 917 3510 cruciatibus
933 3465 1067 3526 aegram

253 3565 461 3645 invisamque
478 3561 621 3625 animam
638 3569 819 3641 natamque
835 3558 1004 3621 laboribus
1020 3557 1123 3621 aufer.

255 3679 348 3740 Mors
361 3676 442 3738 mihi
455 3677 578 3738 munusv
587 3675 667 3752 erit;
684 3673 781 3737 decet
793 3673 876 3734 haec
889 3671 969 3734 dare
981 3670 1069 3733 dona
1086 3689 1199 3733 nover-

340 3808 423 3852 cam.
