<?xml version="1.0" encoding="UTF-8"?>
<!DOCTYPE html PUBLIC "-//W3C//DTD XHTML 1.0 Transitional//EN"
    "http://www.w3.org/TR/xhtml1/DTD/xhtml1-transitional.dtd">
<html xmlns="http://www.w3.org/1999/xhtml" xml:lang="en" lang="en">
 <head>
  <title>
</title>
<meta http-equiv="Content-Type" content="text/html;charset=utf-8" />
  <meta name='ocr-system' content='tesseract 3.04.00' />
  <meta name='ocr-capabilities' content='ocr_page ocr_carea ocr_par ocr_line ocrx_word'/>
</head>
<body>
  <div class='ocr_page' id='page_1' title='image "./poemsovidselect01ovidgoog_0122.png"; bbox 0 0 2996 4384; ppageno 0'>
   <div class='ocr_carea' id='block_1_1' title="bbox 344 219 359 256">
    <p class='ocr_par' dir='ltr' id='par_1_1' title="bbox 344 219 359 256">
     <span class='ocr_line' id='line_1_1' title="bbox 344 219 359 256; baseline 0 0"><span class='ocrx_word' id='word_1_1' title='bbox 344 219 359 256; x_wconf 69' lang='lat' dir='ltr'><strong>d</strong></span> 
     </span>
    </p>
   </div>
   <div class='ocr_carea' id='block_1_2' title="bbox 185 255 1310 484">
    <p class='ocr_par' dir='ltr' id='par_1_2' title="bbox 185 255 1310 484">
     <span class='ocr_line' id='line_1_2' title="bbox 185 255 1258 467; baseline 0.003 -91"><span class='ocrx_word' id='word_1_2' title='bbox 185 255 341 450; x_wconf 47' lang='lat' dir='ltr'><strong>oss</strong></span> <span class='ocrx_word' id='word_1_3' title='bbox 405 319 493 376; x_wconf 78' lang='lat' dir='ltr'><strong>Tun</strong></span> <span class='ocrx_word' id='word_1_4' title='bbox 521 319 777 378; x_wconf 74' lang='lat' dir='ltr'><strong>vuuoumrcu</strong></span> <span class='ocrx_word' id='word_1_5' title='bbox 807 305 860 467; x_wconf 54' lang='lat' dir='ltr'><strong>of</strong></span> <span class='ocrx_word' id='word_1_6' title='bbox 889 320 1046 430; x_wconf 48' lang='lat' dir='ltr'><strong>uussusk</strong></span> <span class='ocrx_word' id='word_1_7' title='bbox 1152 330 1195 418; x_wconf 77' lang='lat'><strong>87</strong></span> <span class='ocrx_word' id='word_1_8' title='bbox 1255 334 1258 338; x_wconf 93' lang='lat'>·</span> 
     </span>
     <span class='ocr_line' id='line_1_3' title="bbox 859 418 1310 484; baseline -0.004 0"><span class='ocrx_word' id='word_1_9' title='bbox 859 441 882 484; x_wconf 63' lang='lat' dir='ltr'>v</span> <span class='ocrx_word' id='word_1_10' title='bbox 899 419 955 482; x_wconf 45' lang='lat' dir='ltr'><strong>,us</strong></span> <span class='ocrx_word' id='word_1_11' title='bbox 990 435 1011 448; x_wconf 74' lang='lat'><strong>‘¹</strong></span> <span class='ocrx_word' id='word_1_12' title='bbox 1227 433 1230 442; x_wconf 87' lang='lat'><em>&#39;</em></span> <span class='ocrx_word' id='word_1_13' title='bbox 1303 418 1310 433; x_wconf 68' lang='lat'><em>⁴</em></span> 
     </span>
    </p>
   </div>
   <div class='ocr_carea' id='block_1_3' title="bbox 247 507 1279 608">
    <p class='ocr_par' dir='ltr' id='par_1_3' title="bbox 247 507 1279 608">
     <span class='ocr_line' id='line_1_4' title="bbox 247 507 1279 608; baseline 0.005 -26"><span class='ocrx_word' id='word_1_14' title='bbox 247 527 335 583; x_wconf 90' lang='lat' dir='ltr'><strong>serta</strong></span> <span class='ocrx_word' id='word_1_15' title='bbox 350 539 452 603; x_wconf 94' lang='lat' dir='ltr'><strong>super</strong></span> <span class='ocrx_word' id='word_1_16' title='bbox 466 540 584 598; x_wconf 76' lang='lat' dir='ltr'><strong>ramoS,</strong></span> <span class='ocrx_word' id='word_1_17' title='bbox 602 534 798 608; x_wconf 87' lang='lat' dir='ltr'><strong>ponensque</strong></span> <span class='ocrx_word' id='word_1_18' title='bbox 813 523 960 585; x_wconf 87' lang='lat' dir='ltr'><strong>recentia</strong></span> <span class='ocrx_word' id='word_1_19' title='bbox 975 521 1060 586; x_wconf 88' lang='lat' dir='ltr'><strong>dixi:</strong></span> <span class='ocrx_word' id='word_1_20' title='bbox 1096 576 1103 604; x_wconf 78' lang='lat'><strong>=.</strong></span> <span class='ocrx_word' id='word_1_21' title='bbox 1179 510 1207 552; x_wconf 52' lang='lat'><strong>‘¹</strong></span> <span class='ocrx_word' id='word_1_22' title='bbox 1276 507 1279 517; x_wconf 56' lang='grc'><em>’</em></span> 
     </span>
    </p>
   </div>
   <div class='ocr_carea' id='block_1_4' title="bbox 191 633 1072 762">
    <p class='ocr_par' dir='ltr' id='par_1_4' title="bbox 191 633 1072 762">
     <span class='ocr_line' id='line_1_5' title="bbox 191 633 1072 762; baseline -0.005 -62"><span class='ocrx_word' id='word_1_23' title='bbox 191 665 236 702; x_wconf 92' lang='lat'><strong>100</strong></span> <span class='ocrx_word' id='word_1_24' title='bbox 248 637 266 664; x_wconf 87' lang='lat'>“</span> <span class='ocrx_word' id='word_1_25' title='bbox 278 633 367 697; x_wconf 94' lang='lat' dir='ltr'><strong>Cura</strong></span> <span class='ocrx_word' id='word_1_26' title='bbox 378 633 478 696; x_wconf 93' lang='lat' dir='ltr'><strong>deum</strong></span> <span class='ocrx_word' id='word_1_27' title='bbox 491 633 525 762; x_wconf 67' lang='lat' dir='ltr'><strong>qi</strong></span> <span class='ocrx_word' id='word_1_28' title='bbox 537 633 612 710; x_wconf 92' lang='lat' dir='ltr'><strong>sint,</strong></span> <span class='ocrx_word' id='word_1_29' title='bbox 629 641 662 697; x_wconf 95' lang='lat' dir='ltr'><strong>et</strong></span> <span class='ocrx_word' id='word_1_30' title='bbox 677 633 735 716; x_wconf 95' lang='lat' dir='ltr'><strong>qui</strong></span> <span class='ocrx_word' id='word_1_31' title='bbox 747 633 878 698; x_wconf 83' lang='lat' dir='ltr'><strong>coluere</strong></span> <span class='ocrx_word' id='word_1_32' title='bbox 890 634 1072 698; x_wconf 85' lang='lat' dir='ltr'><strong>colantur.&#39;&#39;</strong></span> 
     </span>
    </p>
   </div>
   <div class='ocr_carea' id='block_1_5' title="bbox 436 729 1109 927">
    <p class='ocr_par' dir='ltr' id='par_1_5' title="bbox 436 729 1109 927">
     <span class='ocr_line' id='line_1_6' title="bbox 436 729 1109 927; baseline -0.006 -61"><span class='ocrx_word' id='word_1_33' title='bbox 436 793 463 870; x_wconf 75' lang='lat' dir='ltr'><strong>(l</strong></span> <span class='ocrx_word' id='word_1_34' title='bbox 481 771 563 859; x_wconf 51' lang='lat' dir='ltr'><strong>„bot</strong></span> <span class='ocrx_word' id='word_1_35' title='bbox 583 729 850 927; x_wconf 39' lang='lat' dir='ltr'><strong>quuid&lt;</strong></span> <span class='ocrx_word' id='word_1_36' title='bbox 1078 827 1109 888; x_wconf 71' lang='lat' dir='ltr'><em>s</em></span> 
     </span>
    </p>
   </div>
   <div class='ocr_carea' id='block_1_6' title="bbox 7 393 181 708">
    <p class='ocr_par' dir='ltr' id='par_1_6' title="bbox 7 393 181 682">
     <span class='ocr_line' id='line_1_7' title="bbox 33 393 39 408; baseline 0 0"><span class='ocrx_word' id='word_1_37' title='bbox 33 393 39 408; x_wconf 65' lang='grc' dir='ltr'><strong><em>Ἀ</em></strong></span> 
     </span>
     <span class='ocr_line' id='line_1_8' title="bbox 8 411 181 547; baseline 0 0"><span class='ocrx_word' id='word_1_38' title='bbox 8 415 12 430; x_wconf 43' lang='lat' dir='ltr'><em>r</em></span> <span class='ocrx_word' id='word_1_39' title='bbox 145 411 181 547; x_wconf 42' lang='lat' dir='ltr'><strong>a]</strong></span> 
     </span>
     <span class='ocr_line' id='line_1_9' title="bbox 7 615 10 630; baseline 0 0"><span class='ocrx_word' id='word_1_40' title='bbox 7 615 10 630; x_wconf 66' lang='lat' dir='ltr'><strong>t</strong></span> 
     </span>
     <span class='ocr_line' id='line_1_10' title="bbox 13 673 16 682; baseline 0 0"><span class='ocrx_word' id='word_1_41' title='bbox 13 673 16 682; x_wconf 70' lang='lat' dir='ltr'><strong>r</strong></span> 
     </span>
    </p>

    <p class='ocr_par' dir='ltr' id='par_1_7' title="bbox 43 697 47 708">
     <span class='ocr_line' id='line_1_11' title="bbox 43 697 47 708; baseline 0 0"><span class='ocrx_word' id='word_1_42' title='bbox 43 697 47 708; x_wconf 85' lang='grc' dir='ltr'><strong><em>ι</em></strong></span> 
     </span>
    </p>
   </div>
   <div class='ocr_carea' id='block_1_7' title="bbox 136 985 1199 1068">
    <p class='ocr_par' dir='ltr' id='par_1_8' title="bbox 136 985 1199 1111">
     <span class='ocr_line' id='line_1_12' title="bbox 136 985 1199 1068; baseline 0.004 -4"><span class='ocrx_word' id='word_1_43' title='bbox 136 985 139 992; x_wconf 73' lang='grc'><strong>’</strong></span> <span class='ocrx_word' id='word_1_44' title='bbox 247 993 377 1066; x_wconf 90' lang='lat' dir='ltr'><strong>XVII.</strong></span> <span class='ocrx_word' id='word_1_45' title='bbox 410 993 529 1065; x_wconf 92' lang='lat' dir='ltr'><strong>THE</strong></span> <span class='ocrx_word' id='word_1_46' title='bbox 553 994 891 1066; x_wconf 90' lang='lat' dir='ltr'><strong>VENGEANCE</strong></span> <span class='ocrx_word' id='word_1_47' title='bbox 912 995 981 1066; x_wconf 89' lang='lat' dir='ltr'><strong>OF</strong></span> <span class='ocrx_word' id='word_1_48' title='bbox 1002 995 1199 1068; x_wconf 87' lang='lat' dir='ltr'><strong>NESSUS</strong></span> 
     </span>
    </p>
   </div>
   <div class='ocr_carea' id='block_1_8' title="bbox 8 1161 1335 3741">
    <p class='ocr_par' dir='ltr' id='par_1_9' title="bbox 8 1161 1335 3741">
     <span class='ocr_line' id='line_1_13' title="bbox 272 1161 1079 1270; baseline 0.002 -20"><span class='ocrx_word' id='word_1_49' title='bbox 272 1161 339 1250; x_wconf 66' lang='lat' dir='ltr'><strong>,At</strong></span> <span class='ocrx_word' id='word_1_50' title='bbox 354 1195 397 1264; x_wconf 95' lang='lat' dir='ltr'><strong>te,</strong></span> <span class='ocrx_word' id='word_1_51' title='bbox 416 1187 524 1251; x_wconf 87' lang='lat' dir='ltr'><strong>Nesse</strong></span> <span class='ocrx_word' id='word_1_52' title='bbox 540 1187 644 1262; x_wconf 82' lang='lat' dir='ltr'><strong>ferox,</strong></span> <span class='ocrx_word' id='word_1_53' title='bbox 661 1186 811 1253; x_wconf 89' lang='lat' dir='ltr'><strong>eiusdem</strong></span> <span class='ocrx_word' id='word_1_54' title='bbox 827 1187 965 1270; x_wconf 82' lang='lat' dir='ltr'><strong>virginis</strong></span> <span class='ocrx_word' id='word_1_55' title='bbox 982 1188 1079 1270; x_wconf 91' lang='lat' dir='ltr'><strong>ardor</strong></span> 
     </span>
     <span class='ocr_line' id='line_1_14' title="bbox 247 1299 1026 1383; baseline 0 -20"><span class='ocrx_word' id='word_1_56' title='bbox 247 1299 438 1382; x_wconf 87' lang='lat' dir='ltr'><strong>perdiderat</strong></span> <span class='ocrx_word' id='word_1_57' title='bbox 453 1299 578 1363; x_wconf 93' lang='lat' dir='ltr'><strong>volucri</strong></span> <span class='ocrx_word' id='word_1_58' title='bbox 592 1299 767 1364; x_wconf 90' lang='lat' dir='ltr'><strong>traiectum</strong></span> <span class='ocrx_word' id='word_1_59' title='bbox 783 1310 879 1382; x_wconf 89' lang='lat' dir='ltr'><strong>terga</strong></span> <span class='ocrx_word' id='word_1_60' title='bbox 895 1299 1026 1383; x_wconf 86' lang='lat' dir='ltr'><strong>sagitta.</strong></span> 
     </span>
     <span class='ocr_line' id='line_1_15' title="bbox 248 1412 1270 1495; baseline 0.002 -20"><span class='ocrx_word' id='word_1_61' title='bbox 248 1412 403 1495; x_wconf 84' lang='lat' dir='ltr'><strong>Namque</strong></span> <span class='ocrx_word' id='word_1_62' title='bbox 419 1431 506 1475; x_wconf 94' lang='lat' dir='ltr'><strong>nova</strong></span> <span class='ocrx_word' id='word_1_63' title='bbox 521 1420 677 1494; x_wconf 89' lang='lat' dir='ltr'><strong>repetens</strong></span> <span class='ocrx_word' id='word_1_64' title='bbox 694 1412 819 1494; x_wconf 92' lang='lat' dir='ltr'><strong>patrios</strong></span> <span class='ocrx_word' id='word_1_65' title='bbox 835 1433 910 1476; x_wconf 90' lang='lat' dir='ltr'><strong>cum</strong></span> <span class='ocrx_word' id='word_1_66' title='bbox 927 1413 1070 1495; x_wconf 86' lang='lat' dir='ltr'><strong>coniuge</strong></span> <span class='ocrx_word' id='word_1_67' title='bbox 1086 1433 1198 1477; x_wconf 93' lang='lat' dir='ltr'><strong>muros</strong></span> <span class='ocrx_word' id='word_1_68' title='bbox 1267 1460 1270 1466; x_wconf 70' lang='lat'><strong>,</strong></span> 
     </span>
     <span class='ocr_line' id='line_1_16' title="bbox 222 1523 1064 1607; baseline 0.001 -20"><span class='ocrx_word' id='word_1_69' title='bbox 222 1532 383 1588; x_wconf 62' lang='lat' dir='ltr'><strong>„venerat</strong></span> <span class='ocrx_word' id='word_1_70' title='bbox 399 1523 509 1587; x_wconf 92' lang='lat' dir='ltr'><strong>Eueni</strong></span> <span class='ocrx_word' id='word_1_71' title='bbox 523 1523 658 1607; x_wconf 89' lang='lat' dir='ltr'><strong>rapidas</strong></span> <span class='ocrx_word' id='word_1_72' title='bbox 675 1525 757 1588; x_wconf 91' lang='lat' dir='ltr'><strong>Iove</strong></span> <span class='ocrx_word' id='word_1_73' title='bbox 773 1534 872 1588; x_wconf 91' lang='lat' dir='ltr'><strong>natus</strong></span> <span class='ocrx_word' id='word_1_74' title='bbox 888 1525 931 1588; x_wconf 92' lang='lat' dir='ltr'><strong>ad</strong></span> <span class='ocrx_word' id='word_1_75' title='bbox 948 1525 1064 1588; x_wconf 91' lang='lat' dir='ltr'><strong>undas.</strong></span> 
     </span>
     <span class='ocr_line' id='line_1_17' title="bbox 204 1636 1007 1713; baseline -0.006 -7"><span class='ocrx_word' id='word_1_76' title='bbox 204 1653 218 1706; x_wconf 85' lang='grc'><strong><em>5</em></strong></span> <span class='ocrx_word' id='word_1_77' title='bbox 247 1636 392 1702; x_wconf 89' lang='lat' dir='ltr'><strong>Uberior</strong></span> <span class='ocrx_word' id='word_1_78' title='bbox 407 1636 512 1712; x_wconf 88' lang='lat' dir='ltr'><strong>solit0,</strong></span> <span class='ocrx_word' id='word_1_79' title='bbox 529 1637 650 1700; x_wconf 90' lang='lat' dir='ltr'><strong>nimbis</strong></span> <span class='ocrx_word' id='word_1_80' title='bbox 667 1637 864 1701; x_wconf 85' lang='lat' dir='ltr'><strong>hiemalibus</strong></span> <span class='ocrx_word' id='word_1_81' title='bbox 881 1646 1007 1713; x_wconf 91' lang='lat' dir='ltr'><strong>auctus,</strong></span> 
     </span>
     <span class='ocr_line' id='line_1_18' title="bbox 246 1749 1196 1833; baseline 0.003 -22"><span class='ocrx_word' id='word_1_82' title='bbox 246 1749 489 1832; x_wconf 90' lang='lat' dir='ltr'><strong>verticibusque</strong></span> <span class='ocrx_word' id='word_1_83' title='bbox 505 1749 665 1831; x_wconf 72' lang='lat' dir='ltr'><strong>frequens</strong></span> <span class='ocrx_word' id='word_1_84' title='bbox 681 1759 753 1813; x_wconf 89' lang='lat' dir='ltr'><strong>erat</strong></span> <span class='ocrx_word' id='word_1_85' title='bbox 768 1758 868 1833; x_wconf 91' lang='lat' dir='ltr'><strong>atque</strong></span> <span class='ocrx_word' id='word_1_86' title='bbox 883 1750 1063 1833; x_wconf 89' lang='lat' dir='ltr'><strong>impervius</strong></span> <span class='ocrx_word' id='word_1_87' title='bbox 1080 1749 1196 1814; x_wconf 75' lang='lat' dir='ltr'><strong>amnis,</strong></span> 
     </span>
     <span class='ocr_line' id='line_1_19' title="bbox 155 1851 1315 1945; baseline 0.004 -21"><span class='ocrx_word' id='word_1_88' title='bbox 155 1851 156 1856; x_wconf 32' lang='lat'>¹</span> <span class='ocrx_word' id='word_1_89' title='bbox 232 1861 455 1945; x_wconf 72' lang='lat' dir='ltr'><strong>&#39;Intrepidum</strong></span> <span class='ocrx_word' id='word_1_90' title='bbox 472 1881 594 1944; x_wconf 91' lang='lat' dir='ltr'><strong>prose,</strong></span> <span class='ocrx_word' id='word_1_91' title='bbox 611 1882 725 1926; x_wconf 90' lang='lat' dir='ltr'><strong>curam</strong></span> <span class='ocrx_word' id='word_1_92' title='bbox 742 1863 784 1926; x_wconf 93' lang='lat' dir='ltr'><strong>de</strong></span> <span class='ocrx_word' id='word_1_93' title='bbox 800 1861 940 1944; x_wconf 82' lang='lat' dir='ltr'><strong>coniuge</strong></span> <span class='ocrx_word' id='word_1_94' title='bbox 956 1871 1112 1944; x_wconf 89' lang='lat' dir='ltr'><strong>agentem</strong></span> <span class='ocrx_word' id='word_1_95' title='bbox 1215 1881 1315 1929; x_wconf 72' lang='lat' dir='ltr'><strong>nessus</strong></span> 
     </span>
     <span class='ocr_line' id='line_1_20' title="bbox 248 1957 1332 2090; baseline 0.001 -53"><span class='ocrx_word' id='word_1_96' title='bbox 248 1974 377 2037; x_wconf 89' lang='lat' dir='ltr'><strong>Nessus</strong></span> <span class='ocrx_word' id='word_1_97' title='bbox 393 1974 462 2037; x_wconf 88' lang='lat' dir='ltr'><strong>adit</strong></span> <span class='ocrx_word' id='word_1_98' title='bbox 477 1974 701 2057; x_wconf 91' lang='lat' dir='ltr'><strong>membrisque</strong></span> <span class='ocrx_word' id='word_1_99' title='bbox 712 1975 827 2037; x_wconf 91' lang='lat' dir='ltr'><strong>valens</strong></span> <span class='ocrx_word' id='word_1_100' title='bbox 843 1974 1012 2057; x_wconf 89' lang='lat' dir='ltr'><strong>scitusque</strong></span> <span class='ocrx_word' id='word_1_101' title='bbox 1024 1975 1194 2053; x_wconf 93' lang='lat' dir='ltr'><strong>vadorum,</strong></span> <span class='ocrx_word' id='word_1_102' title='bbox 1213 1957 1332 2090; x_wconf 54' lang='grc' dir='ltr'><strong><em>Βᾝξξη</em></strong></span> 
     </span>
     <span class='ocr_line' id='line_1_21' title="bbox 189 2085 1302 2169; baseline 0.002 -18"><span class='ocrx_word' id='word_1_103' title='bbox 189 2101 192 2106; x_wconf 89' lang='grc'><strong>’</strong></span> <span class='ocrx_word' id='word_1_104' title='bbox 247 2091 266 2118; x_wconf 88' lang='lat'><strong>“</strong></span> <span class='ocrx_word' id='word_1_105' title='bbox 277 2085 426 2151; x_wconf 87' lang='lat' dir='ltr'><strong>Officio&#39;’</strong></span> <span class='ocrx_word' id='word_1_106' title='bbox 443 2106 509 2169; x_wconf 93' lang='lat' dir='ltr'><strong>que</strong></span> <span class='ocrx_word' id='word_1_107' title='bbox 527 2091 546 2118; x_wconf 85' lang='lat'><strong>‘⁴</strong></span> <span class='ocrx_word' id='word_1_108' title='bbox 556 2106 630 2150; x_wconf 91' lang='lat' dir='ltr'><strong>meo</strong></span> <span class='ocrx_word' id='word_1_109' title='bbox 647 2088 719 2168; x_wconf 91' lang='lat' dir='ltr'><strong>ripa</strong></span> <span class='ocrx_word' id='word_1_110' title='bbox 734 2085 869 2150; x_wconf 85' lang='lat' dir='ltr'><strong>sistetur</strong></span> <span class='ocrx_word' id='word_1_111' title='bbox 884 2086 917 2148; x_wconf 89' lang='lat' dir='ltr'><strong>in</strong></span> <span class='ocrx_word' id='word_1_112' title='bbox 934 2087 990 2149; x_wconf 90' lang='lat' dir='ltr'><strong>illa</strong></span> <span class='ocrx_word' id='word_1_113' title='bbox 1216 2117 1302 2154; x_wconf 74' lang='lat' dir='ltr'><strong>across</strong></span> 
     </span>
     <span class='ocr_line' id='line_1_22' title="bbox 8 2178 1317 2280; baseline -0.001 -16"><span class='ocrx_word' id='word_1_114' title='bbox 8 2272 11 2280; x_wconf 30' lang='grc' dir='ltr'><strong><em>Ι</em></strong></span> <span class='ocrx_word' id='word_1_115' title='bbox 64 2250 67 2253; x_wconf 74' lang='grc'><em>.</em></span> <span class='ocrx_word' id='word_1_116' title='bbox 171 2187 220 2279; x_wconf 31' lang='grc' dir='ltr'><strong>[ιο</strong></span> <span class='ocrx_word' id='word_1_117' title='bbox 246 2198 360 2274; x_wconf 88' lang='lat' dir='ltr'><strong>haec,&#39;’</strong></span> <span class='ocrx_word' id='word_1_118' title='bbox 374 2197 429 2274; x_wconf 92' lang='lat' dir='ltr'><strong>ait,</strong></span> <span class='ocrx_word' id='word_1_119' title='bbox 448 2197 616 2274; x_wconf 81' lang='lat' dir='ltr'><strong>“Alcide3</strong></span> <span class='ocrx_word' id='word_1_120' title='bbox 640 2206 676 2261; x_wconf 94' lang='lat' dir='ltr'><strong>tu</strong></span> <span class='ocrx_word' id='word_1_121' title='bbox 692 2197 816 2262; x_wconf 92' lang='lat' dir='ltr'><strong>viribus</strong></span> <span class='ocrx_word' id='word_1_122' title='bbox 832 2207 924 2262; x_wconf 91' lang='lat' dir='ltr'><strong>utere</strong></span> <span class='ocrx_word' id='word_1_123' title='bbox 940 2199 1083 2263; x_wconf 89' lang='lat' dir='ltr'><strong>nando.”</strong></span> <span class='ocrx_word' id='word_1_124' title='bbox 1214 2178 1317 2230; x_wconf 69' lang='lat' dir='ltr'><strong>uveam</strong></span> 
     </span>
     <span class='ocr_line' id='line_1_23' title="bbox 247 2310 1196 2393; baseline 0.001 -20"><span class='ocrx_word' id='word_1_125' title='bbox 247 2311 497 2393; x_wconf 89' lang='lat' dir='ltr'><strong>Pallentemque</strong></span> <span class='ocrx_word' id='word_1_126' title='bbox 509 2310 815 2393; x_wconf 61' lang='lat' dir='ltr'><strong>metu&#39;fluviumque</strong></span> <span class='ocrx_word' id='word_1_127' title='bbox 831 2310 1007 2393; x_wconf 92' lang='lat' dir='ltr'><strong>ipsumque</strong></span> <span class='ocrx_word' id='word_1_128' title='bbox 1023 2313 1196 2375; x_wconf 91' lang='lat' dir='ltr'><strong>timentem</strong></span> 
     </span>
     <span class='ocr_line' id='line_1_24' title="bbox 245 2422 1106 2508; baseline 0.001 -22"><span class='ocrx_word' id='word_1_129' title='bbox 245 2422 381 2486; x_wconf 89' lang='lat' dir='ltr'><strong>tradid&#39;t</strong></span> <span class='ocrx_word' id='word_1_130' title='bbox 396 2422 510 2487; x_wconf 91' lang='lat' dir='ltr'><strong>Aoniu</strong></span> <span class='ocrx_word' id='word_1_131' title='bbox 543 2422 699 2505; x_wconf 90' lang='lat' dir='ltr'><strong>pavidam</strong></span> <span class='ocrx_word' id='word_1_132' title='bbox 717 2422 926 2508; x_wconf 85' lang='lat' dir='ltr'><strong>Calydonida</strong></span> <span class='ocrx_word' id='word_1_133' title='bbox 943 2423 1063 2487; x_wconf 90' lang='lat' dir='ltr'><strong>Nesso.</strong></span> <span class='ocrx_word' id='word_1_134' title='bbox 1103 2438 1106 2444; x_wconf 83' lang='lat'>&#39;</span> 
     </span>
     <span class='ocr_line' id='line_1_25' title="bbox 261 2444 1196 2618; baseline 0.001 -20"><span class='ocrx_word' id='word_1_135' title='bbox 261 2595 265 2610; x_wconf 80' lang='grc'><strong>,</strong></span> <span class='ocrx_word' id='word_1_136' title='bbox 291 2537 327 2598; x_wconf 92' lang='grc' dir='ltr'><strong>Μ</strong></span> <span class='ocrx_word' id='word_1_137' title='bbox 351 2557 380 2611; x_wconf 87' lang='lat' dir='ltr'><strong>x,</strong></span> <span class='ocrx_word' id='word_1_138' title='bbox 393 2521 430 2598; x_wconf 81' lang='lat' dir='ltr'><strong>ut</strong></span> <span class='ocrx_word' id='word_1_139' title='bbox 446 2444 527 2610; x_wconf 58' lang='lat' dir='ltr'><strong>etad,</strong></span> <span class='ocrx_word' id='word_1_140' title='bbox 540 2498 764 2618; x_wconf 77' lang='lat' dir='ltr'><strong>pharetrdque</strong></span> <span class='ocrx_word' id='word_1_141' title='bbox 780 2509 891 2618; x_wconf 80' lang='lat' dir='ltr'><strong>gravis¹</strong></span> <span class='ocrx_word' id='word_1_142' title='bbox 903 2509 1075 2618; x_wconf 90' lang='lat' dir='ltr'><strong>spolioque</strong></span> <span class='ocrx_word' id='word_1_143' title='bbox 1092 2490 1196 2599; x_wconf 72' lang='lat' dir='ltr'><strong>leddis</strong></span> 
     </span>
     <span class='ocr_line' id='line_1_26' title="bbox 244 2643 1184 2732; baseline 0 -22"><span class='ocrx_word' id='word_1_144' title='bbox 244 2643 339 2732; x_wconf 90' lang='lat' dir='ltr'><strong>(nam</strong></span> <span class='ocrx_word' id='word_1_145' title='bbox 354 2648 533 2711; x_wconf 91' lang='lat' dir='ltr'><strong>clavamet</strong></span> <span class='ocrx_word' id='word_1_146' title='bbox 548 2666 667 2711; x_wconf 89' lang='lat' dir='ltr'><strong>curvos</strong></span> <span class='ocrx_word' id='word_1_147' title='bbox 683 2655 774 2710; x_wconf 90' lang='lat' dir='ltr'><strong>trans</strong></span> <span class='ocrx_word' id='word_1_148' title='bbox 790 2646 896 2729; x_wconf 87' lang='lat' dir='ltr'><strong>ripam</strong></span> <span class='ocrx_word' id='word_1_149' title='bbox 914 2646 1049 2710; x_wconf 89' lang='lat' dir='ltr'><strong>miserat</strong></span> <span class='ocrx_word' id='word_1_150' title='bbox 1064 2648 1184 2731; x_wconf 89' lang='lat' dir='ltr'><strong>arcus),</strong></span> 
     </span>
     <span class='ocr_line' id='line_1_27' title="bbox 189 2737 1183 2843; baseline 0.001 -22"><span class='ocrx_word' id='word_1_151' title='bbox 189 2753 218 2838; x_wconf 71' lang='lat'><strong>1&#39;5</strong></span> <span class='ocrx_word' id='word_1_152' title='bbox 247 2766 266 2793; x_wconf 85' lang='lat'><strong>‘⁴</strong></span> <span class='ocrx_word' id='word_1_153' title='bbox 276 2758 557 2843; x_wconf 82' lang='lat' dir='ltr'><strong>Quandoquidem</strong></span> <span class='ocrx_word' id='word_1_154' title='bbox 573 2759 677 2843; x_wconf 92' lang='lat' dir='ltr'><strong>coepi,</strong></span> <span class='ocrx_word' id='word_1_155' title='bbox 695 2737 895 2842; x_wconf 91' lang='lat' dir='ltr'><strong>superentur</strong></span> <span class='ocrx_word' id='word_1_156' title='bbox 909 2758 1077 2836; x_wconf 88' lang='lat' dir='ltr'><strong>flumina,”</strong></span> <span class='ocrx_word' id='word_1_157' title='bbox 1089 2759 1183 2832; x_wconf 89' lang='lat' dir='ltr'><strong>dixit.</strong></span> 
     </span>
     <span class='ocr_line' id='line_1_28' title="bbox 247 2869 1099 2955; baseline -0.002 -19"><span class='ocrx_word' id='word_1_158' title='bbox 247 2873 319 2937; x_wconf 93' lang='lat' dir='ltr'><strong>Nec</strong></span> <span class='ocrx_word' id='word_1_159' title='bbox 336 2871 466 2936; x_wconf 87' lang='lat' dir='ltr'><strong>dubitat</strong></span> <span class='ocrx_word' id='word_1_160' title='bbox 481 2892 542 2937; x_wconf 93' lang='lat' dir='ltr'><strong>nec</strong></span> <span class='ocrx_word' id='word_1_161' title='bbox 559 2892 625 2955; x_wconf 90' lang='lat' dir='ltr'><strong>qua</strong></span> <span class='ocrx_word' id='word_1_162' title='bbox 641 2871 683 2935; x_wconf 94' lang='lat' dir='ltr'><strong>sit</strong></span> <span class='ocrx_word' id='word_1_163' title='bbox 699 2869 976 2935; x_wconf 90' lang='lat' dir='ltr'><strong>clementissimus</strong></span> <span class='ocrx_word' id='word_1_164' title='bbox 992 2873 1099 2934; x_wconf 92' lang='lat' dir='ltr'><strong>amnis</strong></span> 
     </span>
     <span class='ocr_line' id='line_1_29' title="bbox 246 2982 1188 3068; baseline -0.003 -21"><span class='ocrx_word' id='word_1_165' title='bbox 246 2984 383 3067; x_wconf 89' lang='lat' dir='ltr'><strong>quaerit,</strong></span> <span class='ocrx_word' id='word_1_166' title='bbox 401 2993 434 3048; x_wconf 93' lang='lat' dir='ltr'><strong>et</strong></span> <span class='ocrx_word' id='word_1_167' title='bbox 450 2984 609 3068; x_wconf 91' lang='lat' dir='ltr'><strong>obsequio</strong></span> <span class='ocrx_word' id='word_1_168' title='bbox 625 2983 749 3048; x_wconf 85' lang='lat' dir='ltr'><strong>deferri</strong></span> <span class='ocrx_word' id='word_1_169' title='bbox 766 2982 893 3067; x_wconf 91' lang='lat' dir='ltr'><strong>spernit</strong></span> <span class='ocrx_word' id='word_1_170' title='bbox 909 3002 1078 3065; x_wconf 91' lang='lat' dir='ltr'><strong>aquarum.</strong></span> <span class='ocrx_word' id='word_1_171' title='bbox 1186 3003 1188 3008; x_wconf 72' lang='grc'>’</span> 
     </span>
     <span class='ocr_line' id='line_1_30' title="bbox 247 3095 1250 3180; baseline -0.007 -20"><span class='ocrx_word' id='word_1_172' title='bbox 247 3098 387 3180; x_wconf 92' lang='lat' dir='ltr'><strong>Iamque</strong></span> <span class='ocrx_word' id='word_1_173' title='bbox 402 3108 521 3162; x_wconf 91' lang='lat' dir='ltr'><strong>tenens</strong></span> <span class='ocrx_word' id='word_1_174' title='bbox 536 3099 653 3180; x_wconf 87' lang='lat' dir='ltr'><strong>ripam,</strong></span> <span class='ocrx_word' id='word_1_175' title='bbox 670 3096 790 3160; x_wconf 93' lang='lat' dir='ltr'><strong>missos</strong></span> <span class='ocrx_word' id='word_1_176' title='bbox 806 3115 882 3159; x_wconf 92' lang='lat' dir='ltr'><strong>cum</strong></span> <span class='ocrx_word' id='word_1_177' title='bbox 896 3095 1028 3159; x_wconf 91' lang='lat' dir='ltr'><strong>tolleret</strong></span> <span class='ocrx_word' id='word_1_178' title='bbox 1043 3116 1148 3173; x_wconf 90' lang='lat' dir='ltr'><strong>arcus,</strong></span> <span class='ocrx_word' id='word_1_179' title='bbox 1212 3106 1250 3154; x_wconf 76' lang='lat'><strong>110</strong></span> 
     </span>
     <span class='ocr_line' id='line_1_31' title="bbox 247 3193 1335 3305; baseline -0.003 -32"><span class='ocrx_word' id='word_1_180' title='bbox 247 3210 398 3292; x_wconf 89' lang='lat' dir='ltr'><strong>coniugis</strong></span> <span class='ocrx_word' id='word_1_181' title='bbox 414 3209 550 3293; x_wconf 87' lang='lat' dir='ltr'><strong>agnovit</strong></span> <span class='ocrx_word' id='word_1_182' title='bbox 565 3229 699 3286; x_wconf 88' lang='lat' dir='ltr'><strong>vocem;</strong></span> <span class='ocrx_word' id='word_1_183' title='bbox 726 3209 903 3290; x_wconf 89' lang='lat' dir='ltr'><strong>Nessoque</strong></span> <span class='ocrx_word' id='word_1_184' title='bbox 919 3207 1051 3291; x_wconf 91' lang='lat' dir='ltr'><strong>paranti</strong></span> <span class='ocrx_word' id='word_1_185' title='bbox 1212 3193 1335 3305; x_wconf 54' lang='lat' dir='ltr'><strong>{mu</strong></span> 
     </span>
     <span class='ocr_line' id='line_1_32' title="bbox 189 3320 1074 3406; baseline -0.005 -20"><span class='ocrx_word' id='word_1_186' title='bbox 189 3350 220 3386; x_wconf 88' lang='lat'><strong>20</strong></span> <span class='ocrx_word' id='word_1_187' title='bbox 232 3322 363 3386; x_wconf 57' lang='lat' dir='ltr'><strong>*fallere</strong></span> <span class='ocrx_word' id='word_1_188' title='bbox 379 3322 577 3406; x_wconf 89' lang='lat' dir='ltr'><strong>depositum,</strong></span> <span class='ocrx_word' id='word_1_189' title='bbox 602 3322 709 3404; x_wconf 86' lang='lat' dir='ltr'><strong>“Quo</strong></span> <span class='ocrx_word' id='word_1_190' title='bbox 725 3331 758 3384; x_wconf 91' lang='lat' dir='ltr'><strong>te</strong></span> <span class='ocrx_word' id='word_1_191' title='bbox 775 3320 926 3398; x_wconf 86' lang='lat' dir='ltr'><strong>fiducia,&#39;&#39;</strong></span> <span class='ocrx_word' id='word_1_192' title='bbox 944 3321 1074 3397; x_wconf 92' lang='lat' dir='ltr'><strong>clamat,</strong></span> 
     </span>
     <span class='ocr_line' id='line_1_33' title="bbox 248 3432 1194 3518; baseline -0.001 -21"><span class='ocrx_word' id='word_1_193' title='bbox 248 3440 363 3498; x_wconf 88' lang='lat' dir='ltr'><strong>“vana</strong></span> <span class='ocrx_word' id='word_1_194' title='bbox 375 3434 508 3518; x_wconf 93' lang='lat' dir='ltr'><strong>pedum,</strong></span> <span class='ocrx_word' id='word_1_195' title='bbox 519 3434 674 3509; x_wconf 87' lang='lat' dir='ltr'><strong>violente,</strong></span> <span class='ocrx_word' id='word_1_196' title='bbox 686 3433 793 3516; x_wconf 90' lang='lat' dir='ltr'><strong>rapit?</strong></span> <span class='ocrx_word' id='word_1_197' title='bbox 816 3433 902 3509; x_wconf 83' lang='lat' dir='ltr'><strong>Tibi,</strong></span> <span class='ocrx_word' id='word_1_198' title='bbox 916 3434 1023 3496; x_wconf 89' lang='lat' dir='ltr'><strong>Nesse</strong></span> <span class='ocrx_word' id='word_1_199' title='bbox 1033 3432 1194 3510; x_wconf 87' lang='lat' dir='ltr'><strong>biformis,</strong></span> 
     </span>
     <span class='ocr_line' id='line_1_34' title="bbox 247 3545 1064 3626; baseline -0.005 -16"><span class='ocrx_word' id='word_1_200' title='bbox 247 3547 396 3611; x_wconf 90' lang='lat' dir='ltr'><strong>dicimus.</strong></span> <span class='ocrx_word' id='word_1_201' title='bbox 444 3547 582 3622; x_wconf 88' lang='lat' dir='ltr'><strong>Exaudi,</strong></span> <span class='ocrx_word' id='word_1_202' title='bbox 600 3566 662 3609; x_wconf 90' lang='lat' dir='ltr'><strong>nec</strong></span> <span class='ocrx_word' id='word_1_203' title='bbox 678 3565 731 3609; x_wconf 94' lang='lat' dir='ltr'><strong>res</strong></span> <span class='ocrx_word' id='word_1_204' title='bbox 747 3545 908 3626; x_wconf 89' lang='lat' dir='ltr'><strong>intercipe</strong></span> <span class='ocrx_word' id='word_1_205' title='bbox 924 3554 1064 3608; x_wconf 89' lang='lat' dir='ltr'><strong>nostras.</strong></span> 
     </span>
     <span class='ocr_line' id='line_1_35' title="bbox 248 3653 1133 3741; baseline 0 -19"><span class='ocrx_word' id='word_1_206' title='bbox 248 3659 352 3722; x_wconf 92' lang='lat' dir='ltr'><strong>Haud</strong></span> <span class='ocrx_word' id='word_1_207' title='bbox 366 3662 478 3722; x_wconf 91' lang='lat' dir='ltr'><strong>tamen</strong></span> <span class='ocrx_word' id='word_1_208' title='bbox 494 3653 646 3740; x_wconf 86' lang='lat' dir='ltr'><strong>effugies,</strong></span> <span class='ocrx_word' id='word_1_209' title='bbox 663 3657 815 3741; x_wconf 90' lang='lat' dir='ltr'><strong>quamvis</strong></span> <span class='ocrx_word' id='word_1_210' title='bbox 832 3677 895 3740; x_wconf 97' lang='lat' dir='ltr'><strong>ope</strong></span> <span class='ocrx_word' id='word_1_211' title='bbox 912 3656 986 3720; x_wconf 89' lang='lat' dir='ltr'><strong>fidis</strong></span> <span class='ocrx_word' id='word_1_212' title='bbox 1003 3657 1133 3740; x_wconf 92' lang='lat' dir='ltr'><strong>equina.</strong></span> 
     </span>
    </p>
   </div>
   <div class='ocr_carea' id='block_1_9' title="bbox 246 3769 1197 3858">
    <p class='ocr_par' dir='ltr' id='par_1_10' title="bbox 246 3769 1197 3858">
     <span class='ocr_line' id='line_1_36' title="bbox 246 3769 1197 3858; baseline -0.002 -22"><span class='ocrx_word' id='word_1_213' title='bbox 246 3771 403 3849; x_wconf 90' lang='lat' dir='ltr'><strong>Vulnere,</strong></span> <span class='ocrx_word' id='word_1_214' title='bbox 417 3792 484 3858; x_wconf 90' lang='lat' dir='ltr'><strong>non</strong></span> <span class='ocrx_word' id='word_1_215' title='bbox 500 3771 642 3853; x_wconf 90' lang='lat' dir='ltr'><strong>pedibus</strong></span> <span class='ocrx_word' id='word_1_216' title='bbox 657 3780 691 3834; x_wconf 89' lang='lat' dir='ltr'><strong>te</strong></span> <span class='ocrx_word' id='word_1_217' title='bbox 706 3769 923 3852; x_wconf 88' lang='lat' dir='ltr'><strong>consequar.”</strong></span> <span class='ocrx_word' id='word_1_218' title='bbox 964 3769 1092 3835; x_wconf 90' lang='lat' dir='ltr'><strong>Ultima</strong></span> <span class='ocrx_word' id='word_1_219' title='bbox 1108 3771 1197 3834; x_wconf 90' lang='lat' dir='ltr'><strong>dicta</strong></span> 
     </span>
    </p>
   </div>
   <div class='ocr_carea' id='block_1_10' title="bbox 0 0 1508 4384">
    <p class='ocr_par' dir='ltr' id='par_1_11' title="bbox 0 0 1508 4384">
     <span class='ocr_line' id='line_1_37' title="bbox 0 0 1508 4384; baseline 0 0"><span class='ocrx_word' id='word_1_220' title='bbox 0 0 1508 4384; x_wconf 95' lang='lat' dir='ltr'><strong> </strong></span> 
     </span>
    </p>
   </div>
  </div>
 </body>
</html>
