2988 4388
595 364 682 425 THE
713 363 851 425 FLOOD
1155 374 1196 425 21

249 550 394 633 concipit
409 536 474 612 lris
490 557 593 633 aquas
610 550 834 632 alimentaque
850 550 995 614 nabibus
1011 550 1132 615 adfert.

250 662 449 726 Sternuntur
465 670 596 746 segetes
612 657 645 726 et
661 663 834 745 deplarata
850 663 975 726 colonis

196 797 227 848 30
248 782 326 838 veta
341 774 458 851 iacent,
476 775 634 858 longique
650 775 736 857 perit
751 775 844 839 labor
860 775 977 838 inritus
993 785 1081 839 anni.

294 888 366 951 Nec
382 889 475 950 caela
491 897 646 951 contenta
662 895 723 951 sua
738 898 790 951 est
807 888 897 952 Iovis
912 898 969 964 ira,
987 888 1154 952 sedilium
1225 895 1343 954 neptune

200 1031 208 1040 ·
247 1000 419 1063 caeruleus
435 1000 540 1063 irater
554 1001 646 1064 iuvat
662 1000 874 1063 auxiliaribus
891 1000 997 1064 undis.
1224 970 1281 1091 ἓξ

249 1112 419 1177 Convocat
436 1113 488 1175 hic
505 1113 636 1176 Amnis·
684 1112 752 1194 Qui
768 1123 944 1195 postquam
960 1121 1048 1177 tecta
1066 1123 1200 1197 tyranni
1226 1113 1333 1165 Brother

248 1223 412 1288 intravere
428 1234 487 1300 sui,
506 1225 615 1286 “Nan
631 1234 683 1288 est
699 1225 886 1288 hortamine
904 1226 1005 1307 longa

194 1359 226 1412 35
248 1337 368 1412 nunc‚”
385 1337 440 1412 ait,
460 1337 657 1400 “utendum
705 1339 793 1421 Viris
811 1338 974 1402 effundite
988 1345 1116 1401 vestras

246 1445 309 1531 (sic
326 1469 410 1532 opus
426 1449 511 1529 est);
538 1459 665 1530 aperite
682 1448 799 1512 domos
815 1469 854 1512 ac
870 1449 956 1512 mole
971 1458 1099 1513 remota
1205 1447 1208 1458 '

248 1560 438 1624 flaminibus
454 1570 572 1625 vestris
589 1568 675 1624 tatas
691 1562 856 1626 immittite
874 1562 1053 1625 habenas.'’

249 1674 405 1736 Iusserat.
455 1675 502 1736 Hi
517 1674 658 1738 redeunt
674 1694 712 1736 ac
730 1674 878 1736 fontibus
894 1682 952 1736 ora
968 1674 1125 1744 relaxant,

248 1795 281 1849 et
297 1785 472 1849 defrenata
487 1785 666 1848 volvuntur
681 1787 715 1848 in
732 1806 878 1868 aequora
894 1793 1002 1849 cursa.

194 1925 226 1976 40
250 1898 329 1979 lpse
345 1898 488 1962 tridente
505 1905 565 1961 sua
581 1908 703 1962 terram
720 1898 903 1981 percussit;
928 1907 962 1960 at
978 1899 1033 1960 illa

248 2010 418 2074 intremuit
434 2018 593 2093 metaque
609 2010 679 2073 vias
697 2010 857 2093 patefecit
873 2017 1043 2092 aquarum.

250 2123 445 2205 Exspatiata
461 2132 560 2186 ruunt
576 2143 637 2205 per
653 2131 787 2205 apertos
804 2122 940 2184 flamina
956 2131 1102 2204 campos,

248 2255 391 2317 cumque
407 2244 486 2298 satis
503 2235 639 2298 arbusta
655 2233 752 2298 simul
769 2233 979 2317 pecudesque
994 2233 1148 2316 virosque

248 2354 403 2430 tectaque
418 2367 560 2429 cumque
577 2357 644 2410 suis
661 2348 795 2428 rapiunt
812 2347 993 2429 penetralia
1010 2356 1121 2409 sacris.

194 2483 226 2536 45
250 2459 286 2522 Sr
301 2480 366 2542 qua
382 2459 500 2522 domus
517 2461 639 2522 mansit
656 2461 829 2541 potuitque
845 2458 998 2523 resistere
1014 2466 1108 2522 tanta

248 2562 411 2627 indeiecta
427 2564 523 2639 malo,
541 2564 673 2626 culmen
689 2572 802 2627 tamen
818 2563 914 2627 altior
930 2564 1027 2626 haius

248 2675 337 2738 unda
352 2675 443 2757 tegit,
462 2695 664 2759 pressaeque
681 2676 786 2739 latent
801 2674 863 2739 sub
879 2675 1010 2756 gurgite
1025 2683 1142 2738 turres.

249 2789 387 2870 Iamque
404 2808 494 2852 mare
509 2798 543 2852 et
558 2789 656 2852 tellas
672 2788 801 2851 nallum
817 2787 993 2851 discrimen
1010 2787 1196 2865 habebant;
1223 2805 1303 2853 sarth

247 2899 359 2963 omnia
371 2909 494 2983 pontus
505 2909 609 2964 erant.
656 2900 805 2964 Deerant
825 2919 956 2982 quoque
975 2899 1071 2962 litora
1082 2908 1195 2980 ponte.
1222 2881 1372 3003 {huram

196 3035 226 3086 50
249 3011 404 3094 Occupat
419 3013 471 3076 hic
488 3012 625 3089 collem;
649 3011 770 3076 cumba
786 3012 880 3076 sedet
895 3012 978 3075 alter
994 3011 1124 3074 adunca

247 3135 281 3188 et
296 3126 388 3190 ducit
403 3133 511 3188 remos
527 3125 591 3188 illrc
607 3124 664 3188 ubi
679 3133 786 3207 naper
802 3132 919 3188 ararat.

248 3238 311 3302 Ille
326 3246 427 3321 supra
443 3245 573 3319 segetes
589 3247 646 3301 aut
663 3257 791 3302 mersae
807 3237 951 3299 culmina
966 3236 1063 3300 villae

247 3352 392 3432 navigat,
405 3350 459 3414 hic
475 3357 605 3414 summa
621 3349 748 3431 piscem
765 3349 941 3431 deprendit
959 3348 993 3411 in
1010 3349 1111 3412 ulma.

250 3461 378 3543 Figitur
394 3461 427 3525 in
443 3462 548 3538 viridi,
566 3472 595 3525 si
610 3463 679 3524 iors
695 3461 778 3537 tulit,
796 3481 919 3525 ancora
935 3468 1039 3543 prata,

196 3588 226 3642 55
249 3582 306 3635 aut
322 3572 470 3637 subiecta
484 3583 732 3638 terunt-curvae
748 3581 858 3636 vineta
874 3583 1015 3638 carinae.

249 3685 293 3748 Et
309 3686 408 3749 modo
424 3670 490 3767 qua
505 3686 645 3767 graciles
661 3693 799 3766 gramen
814 3694 970 3767 carpsere
986 3687 1143 3769 capellae,

247 3818 335 3861 nunc
351 3797 397 3860 ibi
413 3797 581 3860 delarmes
597 3806 726 3880 ponunt
742 3819 802 3860 sua
815 3819 955 3882 corpora
971 3799 1108 3880 phacae.
