<?xml version="1.0" encoding="UTF-8"?>
<!DOCTYPE html PUBLIC "-//W3C//DTD XHTML 1.0 Transitional//EN"
    "http://www.w3.org/TR/xhtml1/DTD/xhtml1-transitional.dtd">
<html xmlns="http://www.w3.org/1999/xhtml" xml:lang="en" lang="en">
 <head>
  <title>
</title>
<meta http-equiv="Content-Type" content="text/html;charset=utf-8" />
  <meta name='ocr-system' content='tesseract 3.04.00' />
  <meta name='ocr-capabilities' content='ocr_page ocr_carea ocr_par ocr_line ocrx_word'/>
</head>
<body>
  <div class='ocr_page' id='page_1' title='image "./poemsovidselect01ovidgoog_0060.png"; bbox 0 0 2988 4388; ppageno 0'>
   <div class='ocr_carea' id='block_1_1' title="bbox 630 269 1216 367">
    <p class='ocr_par' dir='ltr' id='par_1_1' title="bbox 630 269 1216 367">
     <span class='ocr_line' id='line_1_1' title="bbox 630 269 1216 367; baseline 0.003 -28"><span class='ocrx_word' id='word_1_1' title='bbox 630 269 865 341; x_wconf 74' lang='lat' dir='ltr'><strong>runtrnou</strong></span> <span class='ocrx_word' id='word_1_2' title='bbox 1169 292 1216 367; x_wconf 78' lang='lat'><strong>35</strong></span> 
     </span>
    </p>
   </div>
   <div class='ocr_carea' id='block_1_2' title="bbox 208 465 1361 3809">
    <p class='ocr_par' dir='ltr' id='par_1_2' title="bbox 208 465 1361 3809">
     <span class='ocr_line' id='line_1_2' title="bbox 267 465 1217 549; baseline 0.003 -21"><span class='ocrx_word' id='word_1_3' title='bbox 267 465 372 528; x_wconf 91' lang='lat' dir='ltr'><strong>Parva</strong></span> <span class='ocrx_word' id='word_1_4' title='bbox 382 485 510 548; x_wconf 91' lang='lat' dir='ltr'><strong>queror.</strong></span> <span class='ocrx_word' id='word_1_5' title='bbox 531 468 677 548; x_wconf 75' lang='lat' dir='ltr'><strong>Magnae</strong></span> <span class='ocrx_word' id='word_1_6' title='bbox 688 475 829 549; x_wconf 88' lang='lat' dir='ltr'><strong>pereunt</strong></span> <span class='ocrx_word' id='word_1_7' title='bbox 840 487 915 529; x_wconf 93' lang='lat' dir='ltr'><strong>cum</strong></span> <span class='ocrx_word' id='word_1_8' title='bbox 926 466 1100 531; x_wconf 92' lang='lat' dir='ltr'><strong>moenibus</strong></span> <span class='ocrx_word' id='word_1_9' title='bbox 1110 466 1217 544; x_wconf 75' lang='lat' dir='ltr'><strong>urbes</strong></span> 
     </span>
     <span class='ocr_line' id='line_1_3' title="bbox 266 578 1035 661; baseline 0 -19"><span class='ocrx_word' id='word_1_10' title='bbox 266 598 409 661; x_wconf 88' lang='lat' dir='ltr'><strong>cumque</strong></span> <span class='ocrx_word' id='word_1_11' title='bbox 425 588 493 642; x_wconf 82' lang='lat' dir='ltr'><strong>suis</strong></span> <span class='ocrx_word' id='word_1_12' title='bbox 508 586 595 642; x_wconf 77' lang='lat' dir='ltr'><strong>totas</strong></span> <span class='ocrx_word' id='word_1_13' title='bbox 611 579 743 661; x_wconf 84' lang='lat' dir='ltr'><strong>populis</strong></span> <span class='ocrx_word' id='word_1_14' title='bbox 758 578 914 643; x_wconf 88' lang='lat' dir='ltr'><strong>incendia</strong></span> <span class='ocrx_word' id='word_1_15' title='bbox 929 586 1035 643; x_wconf 76' lang='lat' dir='ltr'><strong>terras</strong></span> 
     </span>
     <span class='ocr_line' id='line_1_4' title="bbox 208 690 1194 766; baseline 0.002 -13"><span class='ocrx_word' id='word_1_16' title='bbox 208 707 254 760; x_wconf 86' lang='lat'><strong>215</strong></span> <span class='ocrx_word' id='word_1_17' title='bbox 266 690 299 753; x_wconf 95' lang='lat' dir='ltr'><strong>in</strong></span> <span class='ocrx_word' id='word_1_18' title='bbox 315 691 618 766; x_wconf 85' lang='lat' dir='ltr'><strong>cineremvertunt.</strong></span> <span class='ocrx_word' id='word_1_19' title='bbox 666 691 776 756; x_wconf 88' lang='lat' dir='ltr'>Silvae</span> <span class='ocrx_word' id='word_1_20' title='bbox 793 711 868 755; x_wconf 94' lang='lat' dir='ltr'><strong>cum</strong></span> <span class='ocrx_word' id='word_1_21' title='bbox 885 691 1052 756; x_wconf 93' lang='lat' dir='ltr'><strong>montibus</strong></span> <span class='ocrx_word' id='word_1_22' title='bbox 1068 692 1194 756; x_wconf 76' lang='lat' dir='ltr'><strong>ardent.</strong></span> 
     </span>
     <span class='ocr_line' id='line_1_5' title="bbox 309 803 1288 886; baseline 0.003 -21"><span class='ocrx_word' id='word_1_23' title='bbox 309 804 397 867; x_wconf 92' lang='lat' dir='ltr'><strong>Tum</strong></span> <span class='ocrx_word' id='word_1_24' title='bbox 413 810 492 866; x_wconf 76' lang='lat' dir='ltr'><strong>vero</strong></span> <span class='ocrx_word' id='word_1_25' title='bbox 509 803 680 866; x_wconf 72' lang='lat' dir='ltr'><strong>Phaethon</strong></span> <span class='ocrx_word' id='word_1_26' title='bbox 697 812 825 868; x_wconf 76' lang='lat' dir='ltr'><strong>cunctis</strong></span> <span class='ocrx_word' id='word_1_27' title='bbox 843 811 860 867; x_wconf 78' lang='grc' dir='ltr'><strong>ἒ</strong></span> <span class='ocrx_word' id='word_1_28' title='bbox 877 803 1026 886; x_wconf 89' lang='lat' dir='ltr'><strong>partibus</strong></span> <span class='ocrx_word' id='word_1_29' title='bbox 1042 804 1156 868; x_wconf 90' lang='lat' dir='ltr'><strong>orbem</strong></span> <span class='ocrx_word' id='word_1_30' title='bbox 1235 806 1288 854; x_wconf 76' lang='lat' dir='ltr'><strong>me</strong></span> 
     </span>
     <span class='ocr_line' id='line_1_6' title="bbox 266 882 1319 1009; baseline 0.001 -30"><span class='ocrx_word' id='word_1_31' title='bbox 266 915 386 998; x_wconf 88' lang='lat' dir='ltr'><strong>aspicit</strong></span> <span class='ocrx_word' id='word_1_32' title='bbox 400 923 587 992; x_wconf 71' lang='lat' dir='ltr'><strong>accensum,</strong></span> <span class='ocrx_word' id='word_1_33' title='bbox 605 935 667 979; x_wconf 91' lang='lat' dir='ltr'><strong>nec</strong></span> <span class='ocrx_word' id='word_1_34' title='bbox 682 924 793 979; x_wconf 79' lang='lat' dir='ltr'><strong>tantos</strong></span> <span class='ocrx_word' id='word_1_35' title='bbox 809 916 951 980; x_wconf 90' lang='lat' dir='ltr'><strong>sustinet</strong></span> <span class='ocrx_word' id='word_1_36' title='bbox 966 921 1089 993; x_wconf 79' lang='lat' dir='ltr'><strong>aestus,</strong></span> <span class='ocrx_word' id='word_1_37' title='bbox 1233 882 1319 1009; x_wconf 47' lang='lat' dir='ltr'><strong>:Eu</strong></span> 
     </span>
     <span class='ocr_line' id='line_1_7' title="bbox 266 1028 1086 1111; baseline 0.001 -20"><span class='ocrx_word' id='word_1_38' title='bbox 266 1029 493 1111; x_wconf 78' lang='lat' dir='ltr'><strong>ferventisque</strong></span> <span class='ocrx_word' id='word_1_39' title='bbox 509 1036 607 1091; x_wconf 77' lang='lat' dir='ltr'><strong>auras</strong></span> <span class='ocrx_word' id='word_1_40' title='bbox 623 1028 714 1092; x_wconf 92' lang='lat' dir='ltr'><strong>velut</strong></span> <span class='ocrx_word' id='word_1_41' title='bbox 729 1037 747 1092; x_wconf 75' lang='lat' dir='ltr'><strong>e</strong></span> <span class='ocrx_word' id='word_1_42' title='bbox 764 1029 901 1092; x_wconf 76' lang='lat' dir='ltr'><strong>fornace</strong></span> <span class='ocrx_word' id='word_1_43' title='bbox 917 1029 1086 1110; x_wconf 72' lang='lat' dir='ltr'><strong>profunda</strong></span> 
     </span>
     <span class='ocr_line' id='line_1_8' title="bbox 266 1139 1086 1224; baseline 0.001 -21"><span class='ocrx_word' id='word_1_44' title='bbox 266 1148 323 1204; x_wconf 76' lang='lat' dir='ltr'><strong>ore</strong></span> <span class='ocrx_word' id='word_1_45' title='bbox 339 1139 448 1217; x_wconf 86' lang='lat' dir='ltr'><strong>trahit,</strong></span> <span class='ocrx_word' id='word_1_46' title='bbox 465 1148 648 1224; x_wconf 79' lang='lat' dir='ltr'><strong>currusque</strong></span> <span class='ocrx_word' id='word_1_47' title='bbox 665 1149 742 1204; x_wconf 77' lang='lat' dir='ltr'><strong>suos</strong></span> <span class='ocrx_word' id='word_1_48' title='bbox 758 1142 959 1205; x_wconf 78' lang='lat' dir='ltr'><strong>candescere</strong></span> <span class='ocrx_word' id='word_1_49' title='bbox 976 1142 1086 1205; x_wconf 86' lang='lat' dir='ltr'><strong>sentit.</strong></span> 
     </span>
     <span class='ocr_line' id='line_1_9' title="bbox 208 1252 1082 1336; baseline 0.001 -21"><span class='ocrx_word' id='word_1_50' title='bbox 208 1273 255 1307; x_wconf 88' lang='lat'><strong>220</strong></span> <span class='ocrx_word' id='word_1_51' title='bbox 268 1252 312 1316; x_wconf 91' lang='lat' dir='ltr'><strong>Et</strong></span> <span class='ocrx_word' id='word_1_52' title='bbox 328 1274 437 1336; x_wconf 87' lang='lat' dir='ltr'><strong>neque</strong></span> <span class='ocrx_word' id='word_1_53' title='bbox 452 1255 518 1316; x_wconf 91' lang='lat' dir='ltr'><strong>iam</strong></span> <span class='ocrx_word' id='word_1_54' title='bbox 535 1253 663 1316; x_wconf 76' lang='lat' dir='ltr'><strong>cineres</strong></span> <span class='ocrx_word' id='word_1_55' title='bbox 679 1255 918 1336; x_wconf 75' lang='lat' dir='ltr'><strong>eiectatamque</strong></span> <span class='ocrx_word' id='word_1_56' title='bbox 934 1254 1082 1317; x_wconf 82' lang='lat' dir='ltr'><strong>favillam</strong></span> 
     </span>
     <span class='ocr_line' id='line_1_10' title="bbox 266 1365 1158 1449; baseline 0.001 -21"><span class='ocrx_word' id='word_1_57' title='bbox 266 1365 355 1428; x_wconf 84' lang='lat' dir='ltr'><strong>ferre</strong></span> <span class='ocrx_word' id='word_1_58' title='bbox 371 1375 492 1447; x_wconf 89' lang='lat' dir='ltr'><strong>potest,</strong></span> <span class='ocrx_word' id='word_1_59' title='bbox 509 1366 683 1449; x_wconf 75' lang='lat' dir='ltr'><strong>calidoque</strong></span> <span class='ocrx_word' id='word_1_60' title='bbox 698 1367 877 1428; x_wconf 89' lang='lat' dir='ltr'><strong>involvitur</strong></span> <span class='ocrx_word' id='word_1_61' title='bbox 892 1365 1039 1448; x_wconf 88' lang='lat' dir='ltr'><strong>undique</strong></span> <span class='ocrx_word' id='word_1_62' title='bbox 1055 1367 1158 1429; x_wconf 79' lang='lat' dir='ltr'><strong>fumo.</strong></span> 
     </span>
     <span class='ocr_line' id='line_1_11' title="bbox 268 1477 1098 1560; baseline 0.002 -20"><span class='ocrx_word' id='word_1_63' title='bbox 268 1478 410 1560; x_wconf 80' lang='lat' dir='ltr'><strong>Quoque</strong></span> <span class='ocrx_word' id='word_1_64' title='bbox 426 1487 489 1554; x_wconf 86' lang='lat' dir='ltr'><strong>eat,</strong></span> <span class='ocrx_word' id='word_1_65' title='bbox 507 1487 564 1541; x_wconf 90' lang='lat' dir='ltr'><strong>aut</strong></span> <span class='ocrx_word' id='word_1_66' title='bbox 580 1478 636 1541; x_wconf 92' lang='lat' dir='ltr'><strong>ubi</strong></span> <span class='ocrx_word' id='word_1_67' title='bbox 652 1479 703 1554; x_wconf 86' lang='lat' dir='ltr'><strong>sit,</strong></span> <span class='ocrx_word' id='word_1_68' title='bbox 721 1477 817 1560; x_wconf 80' lang='lat' dir='ltr'><strong>picea</strong></span> <span class='ocrx_word' id='word_1_69' title='bbox 833 1478 974 1560; x_wconf 77' lang='lat' dir='ltr'><strong>caligine</strong></span> <span class='ocrx_word' id='word_1_70' title='bbox 989 1487 1098 1542; x_wconf 77' lang='lat' dir='ltr'><strong>tectus</strong></span> 
     </span>
     <span class='ocr_line' id='line_1_12' title="bbox 266 1588 1120 1673; baseline 0 -20"><span class='ocrx_word' id='word_1_71' title='bbox 266 1589 380 1666; x_wconf 75' lang='lat' dir='ltr'><strong>nescit,</strong></span> <span class='ocrx_word' id='word_1_72' title='bbox 398 1599 432 1652; x_wconf 87' lang='lat' dir='ltr'><strong>et</strong></span> <span class='ocrx_word' id='word_1_73' title='bbox 447 1588 582 1653; x_wconf 78' lang='lat' dir='ltr'><strong>arbitrio</strong></span> <span class='ocrx_word' id='word_1_74' title='bbox 597 1591 768 1653; x_wconf 92' lang='lat' dir='ltr'><strong>volucrum</strong></span> <span class='ocrx_word' id='word_1_75' title='bbox 784 1597 935 1672; x_wconf 71' lang='lat' dir='ltr'><strong>raptatur</strong></span> <span class='ocrx_word' id='word_1_76' title='bbox 950 1599 1120 1673; x_wconf 77' lang='lat' dir='ltr'><strong>equorum.</strong></span> 
     </span>
     <span class='ocr_line' id='line_1_13' title="bbox 310 1702 1311 1788; baseline 0 -22"><span class='ocrx_word' id='word_1_77' title='bbox 310 1702 481 1784; x_wconf 84' lang='lat' dir='ltr'><strong>Sanguine</strong></span> <span class='ocrx_word' id='word_1_78' title='bbox 497 1711 577 1765; x_wconf 90' lang='lat' dir='ltr'><strong>tunc</strong></span> <span class='ocrx_word' id='word_1_79' title='bbox 593 1702 733 1766; x_wconf 74' lang='lat' dir='ltr'><strong>credunt</strong></span> <span class='ocrx_word' id='word_1_80' title='bbox 751 1702 784 1764; x_wconf 93' lang='lat' dir='ltr'><strong>in</strong></span> <span class='ocrx_word' id='word_1_81' title='bbox 801 1723 940 1784; x_wconf 90' lang='lat' dir='ltr'><strong>corpora</strong></span> <span class='ocrx_word' id='word_1_82' title='bbox 955 1723 1084 1766; x_wconf 92' lang='lat' dir='ltr'><strong>summa</strong></span> <span class='ocrx_word' id='word_1_83' title='bbox 1100 1711 1219 1768; x_wconf 74' lang='lat' dir='ltr'><strong>vocato</strong></span> <span class='ocrx_word' id='word_1_84' title='bbox 1236 1709 1288 1754; x_wconf 78' lang='lat' dir='ltr'><strong>une</strong></span> <span class='ocrx_word' id='word_1_85' title='bbox 1305 1778 1311 1788; x_wconf 25' lang='grc' dir='ltr'>ι</span> 
     </span>
     <span class='ocr_line' id='line_1_14' title="bbox 208 1778 1323 1913; baseline 0.002 -36"><span class='ocrx_word' id='word_1_86' title='bbox 208 1834 254 1887; x_wconf 84' lang='lat'><strong>225</strong></span> <span class='ocrx_word' id='word_1_87' title='bbox 267 1815 473 1896; x_wconf 88' lang='lat' dir='ltr'><strong>Aethiopum</strong></span> <span class='ocrx_word' id='word_1_88' title='bbox 490 1814 632 1896; x_wconf 76' lang='lat' dir='ltr'><strong>populos</strong></span> <span class='ocrx_word' id='word_1_89' title='bbox 649 1816 782 1896; x_wconf 89' lang='lat' dir='ltr'><strong>nigrum</strong></span> <span class='ocrx_word' id='word_1_90' title='bbox 797 1815 937 1878; x_wconf 72' lang='lat' dir='ltr'><strong>traxisse</strong></span> <span class='ocrx_word' id='word_1_91' title='bbox 953 1816 1105 1880; x_wconf 76' lang='lat' dir='ltr'><strong>colorem.</strong></span> <span class='ocrx_word' id='word_1_92' title='bbox 1235 1778 1323 1913; x_wconf 44' lang='grc' dir='ltr'><strong>ἓξὲξ</strong></span> 
     </span>
     <span class='ocr_line' id='line_1_15' title="bbox 266 1926 1071 2012; baseline 0.001 -22"><span class='ocrx_word' id='word_1_93' title='bbox 266 1926 462 2000; x_wconf 86' lang='lat' dir='ltr'><strong>Tumlacta</strong></span> <span class='ocrx_word' id='word_1_94' title='bbox 478 1935 529 1990; x_wconf 87' lang='lat' dir='ltr'><strong>est</strong></span> <span class='ocrx_word' id='word_1_95' title='bbox 547 1926 653 2012; x_wconf 78' lang='lat' dir='ltr'><strong>Libye</strong></span> <span class='ocrx_word' id='word_1_96' title='bbox 670 1936 775 2008; x_wconf 81' lang='lat' dir='ltr'><strong>raptis</strong></span> <span class='ocrx_word' id='word_1_97' title='bbox 792 1927 961 1991; x_wconf 77' lang='lat' dir='ltr'><strong>umoribus</strong></span> <span class='ocrx_word' id='word_1_98' title='bbox 977 1936 1071 1991; x_wconf 85' lang='lat' dir='ltr'><strong>aestu</strong></span> 
     </span>
     <span class='ocr_line' id='line_1_16' title="bbox 266 2039 1141 2123; baseline 0.002 -21"><span class='ocrx_word' id='word_1_99' title='bbox 266 2039 376 2114; x_wconf 75' lang='lat' dir='ltr'><strong>arida;</strong></span> <span class='ocrx_word' id='word_1_100' title='bbox 399 2047 470 2102; x_wconf 96' lang='lat' dir='ltr'><strong>tum</strong></span> <span class='ocrx_word' id='word_1_101' title='bbox 487 2040 656 2123; x_wconf 89' lang='lat' dir='ltr'><strong>nymphae</strong></span> <span class='ocrx_word' id='word_1_102' title='bbox 673 2049 781 2121; x_wconf 81' lang='lat' dir='ltr'><strong>passis</strong></span> <span class='ocrx_word' id='word_1_103' title='bbox 797 2039 966 2123; x_wconf 81' lang='lat' dir='ltr'><strong>fontisque</strong></span> <span class='ocrx_word' id='word_1_104' title='bbox 982 2041 1141 2122; x_wconf 70' lang='lat' dir='ltr'><strong>laesisque</strong></span> 
     </span>
     <span class='ocr_line' id='line_1_17' title="bbox 266 2152 1046 2237; baseline 0 -21"><span class='ocrx_word' id='word_1_105' title='bbox 266 2153 429 2216; x_wconf 74' lang='lat' dir='ltr'><strong>deflevere</strong></span> <span class='ocrx_word' id='word_1_106' title='bbox 445 2159 590 2237; x_wconf 78' lang='lat' dir='ltr'><strong>comis.)</strong></span> <span class='ocrx_word' id='word_1_107' title='bbox 601 2152 741 2235; x_wconf 85' lang='lat' dir='ltr'><strong>Quaerit</strong></span> <span class='ocrx_word' id='word_1_108' title='bbox 758 2153 895 2216; x_wconf 74' lang='lat' dir='ltr'><strong>Boeotia</strong></span> <span class='ocrx_word' id='word_1_109' title='bbox 913 2153 1046 2230; x_wconf 74' lang='lat' dir='ltr'><strong>Dircen,</strong></span> 
     </span>
     <span class='ocr_line' id='line_1_18' title="bbox 266 2265 1107 2349; baseline 0 -20"><span class='ocrx_word' id='word_1_110' title='bbox 266 2267 380 2348; x_wconf 86' lang='lat' dir='ltr'><strong>Argos</strong></span> <span class='ocrx_word' id='word_1_111' title='bbox 396 2266 621 2349; x_wconf 76' lang='lat' dir='ltr'><strong>Amymonen,</strong></span> <span class='ocrx_word' id='word_1_112' title='bbox 640 2265 778 2349; x_wconf 72' lang='lat' dir='ltr'><strong>Ephyre</strong></span> <span class='ocrx_word' id='word_1_113' title='bbox 795 2265 965 2329; x_wconf 74' lang='lat' dir='ltr'><strong>Pirenidas</strong></span> <span class='ocrx_word' id='word_1_114' title='bbox 981 2265 1107 2341; x_wconf 79' lang='lat' dir='ltr'><strong>undas3</strong></span> 
     </span>
     <span class='ocr_line' id='line_1_19' title="bbox 209 2378 977 2460; baseline 0 -18"><span class='ocrx_word' id='word_1_115' title='bbox 209 2407 255 2459; x_wconf 82' lang='lat'><strong>230</strong></span> <span class='ocrx_word' id='word_1_116' title='bbox 266 2399 328 2442; x_wconf 92' lang='lat' dir='ltr'><strong>nec</strong></span> <span class='ocrx_word' id='word_1_117' title='bbox 345 2387 460 2442; x_wconf 85' lang='lat' dir='ltr'><strong>sortita</strong></span> <span class='ocrx_word' id='word_1_118' title='bbox 476 2379 548 2442; x_wconf 79' lang='lat' dir='ltr'><strong>loco</strong></span> <span class='ocrx_word' id='word_1_119' title='bbox 565 2378 718 2441; x_wconf 83' lang='lat' dir='ltr'><strong>distantis</strong></span> <span class='ocrx_word' id='word_1_120' title='bbox 734 2378 872 2441; x_wconf 81' lang='lat' dir='ltr'><strong>flumina</strong></span> <span class='ocrx_word' id='word_1_121' title='bbox 889 2386 977 2460; x_wconf 77' lang='lat' dir='ltr'><strong>ripas</strong></span> 
     </span>
     <span class='ocr_line' id='line_1_20' title="bbox 266 2489 1136 2567; baseline -0.001 -13"><span class='ocrx_word' id='word_1_122' title='bbox 266 2499 339 2554; x_wconf 80' lang='lat' dir='ltr'><strong>tsrta</strong></span> <span class='ocrx_word' id='word_1_123' title='bbox 354 2499 501 2553; x_wconf 84' lang='lat' dir='ltr'><strong>manent.</strong></span> <span class='ocrx_word' id='word_1_124' title='bbox 545 2489 666 2554; x_wconf 82' lang='lat' dir='ltr'><strong>Mediis</strong></span> <span class='ocrx_word' id='word_1_125' title='bbox 682 2492 807 2553; x_wconf 86' lang='lat' dir='ltr'><strong>Tanals</strong></span> <span class='ocrx_word' id='word_1_126' title='bbox 823 2491 963 2553; x_wconf 75' lang='lat' dir='ltr'><strong>fumavit</strong></span> <span class='ocrx_word' id='word_1_127' title='bbox 979 2491 1012 2553; x_wconf 91' lang='lat' dir='ltr'><strong>in</strong></span> <span class='ocrx_word' id='word_1_128' title='bbox 1029 2492 1136 2567; x_wconf 76' lang='lat' dir='ltr'><strong>undis,</strong></span> 
     </span>
     <span class='ocr_line' id='line_1_21' title="bbox 267 2601 1083 2686; baseline -0.001 -19"><span class='ocrx_word' id='word_1_129' title='bbox 267 2613 300 2666; x_wconf 94' lang='lat' dir='ltr'><strong>et</strong></span> <span class='ocrx_word' id='word_1_130' title='bbox 316 2622 402 2686; x_wconf 87' lang='lat' dir='ltr'><strong>quae</strong></span> <span class='ocrx_word' id='word_1_131' title='bbox 420 2601 594 2666; x_wconf 74' lang='lat' dir='ltr'><strong>Maeonias</strong></span> <span class='ocrx_word' id='word_1_132' title='bbox 610 2602 817 2665; x_wconf 76' lang='lat' dir='ltr'><strong>celebrarant</strong></span> <span class='ocrx_word' id='word_1_133' title='bbox 833 2602 979 2666; x_wconf 88' lang='lat' dir='ltr'><strong>carmine</strong></span> <span class='ocrx_word' id='word_1_134' title='bbox 993 2609 1083 2684; x_wconf 76' lang='lat' dir='ltr'><strong>ripas</strong></span> 
     </span>
     <span class='ocr_line' id='line_1_22' title="bbox 267 2714 1048 2798; baseline 0 -21"><span class='ocrx_word' id='word_1_135' title='bbox 267 2715 443 2779; x_wconf 77' lang='lat' dir='ltr'><strong>flumineae</strong></span> <span class='ocrx_word' id='word_1_136' title='bbox 459 2714 610 2778; x_wconf 72' lang='lat' dir='ltr'><strong>volucres</strong></span> <span class='ocrx_word' id='word_1_137' title='bbox 626 2714 735 2777; x_wconf 76' lang='lat' dir='ltr'><strong>medio</strong></span> <span class='ocrx_word' id='word_1_138' title='bbox 751 2716 882 2777; x_wconf 77' lang='lat' dir='ltr'><strong>caluere</strong></span> <span class='ocrx_word' id='word_1_139' title='bbox 899 2715 1048 2798; x_wconf 74' lang='lat' dir='ltr'><strong>Caystro.</strong></span> 
     </span>
     <span class='ocr_line' id='line_1_23' title="bbox 269 2826 1057 2909; baseline -0.004 -18"><span class='ocrx_word' id='word_1_140' title='bbox 269 2829 366 2892; x_wconf 81' lang='lat' dir='ltr'><strong>Nilus</strong></span> <span class='ocrx_word' id='word_1_141' title='bbox 382 2827 416 2890; x_wconf 94' lang='lat' dir='ltr'><strong>in</strong></span> <span class='ocrx_word' id='word_1_142' title='bbox 432 2834 613 2891; x_wconf 76' lang='lat' dir='ltr'><strong>extremum</strong></span> <span class='ocrx_word' id='word_1_143' title='bbox 629 2826 718 2909; x_wconf 79' lang='lat' dir='ltr'><strong>fugit</strong></span> <span class='ocrx_word' id='word_1_144' title='bbox 734 2827 928 2909; x_wconf 87' lang='lat' dir='ltr'><strong>perterritus</strong></span> <span class='ocrx_word' id='word_1_145' title='bbox 944 2827 1057 2890; x_wconf 91' lang='lat' dir='ltr'><strong>orbem</strong></span> 
     </span>
     <span class='ocr_line' id='line_1_24' title="bbox 210 2938 1203 3022; baseline 0.003 -24"><span class='ocrx_word' id='word_1_146' title='bbox 210 2961 256 3015; x_wconf 82' lang='lat'><strong>235</strong></span> <span class='ocrx_word' id='word_1_147' title='bbox 267 2939 477 3022; x_wconf 89' lang='lat' dir='ltr'><strong>occuluitque</strong></span> <span class='ocrx_word' id='word_1_148' title='bbox 492 2949 602 3021; x_wconf 89' lang='lat' dir='ltr'><strong>caput,</strong></span> <span class='ocrx_word' id='word_1_149' title='bbox 620 2940 709 3022; x_wconf 94' lang='lat' dir='ltr'><strong>quod</strong></span> <span class='ocrx_word' id='word_1_150' title='bbox 726 2939 835 3002; x_wconf 76' lang='lat' dir='ltr'><strong>adhuc</strong></span> <span class='ocrx_word' id='word_1_151' title='bbox 851 2939 932 3002; x_wconf 92' lang='lat' dir='ltr'><strong>latet</strong></span> <span class='ocrx_word' id='word_1_152' title='bbox 942 2960 949 3015; x_wconf 93' lang='lat'>;</span> <span class='ocrx_word' id='word_1_153' title='bbox 973 2938 1059 3002; x_wconf 78' lang='lat' dir='ltr'><strong>ostia</strong></span> <span class='ocrx_word' id='word_1_154' title='bbox 1075 2948 1203 3021; x_wconf 91' lang='lat' dir='ltr'><strong>septem</strong></span> 
     </span>
     <span class='ocr_line' id='line_1_25' title="bbox 268 3051 1158 3135; baseline 0 -20"><span class='ocrx_word' id='word_1_155' title='bbox 268 3051 499 3135; x_wconf 87' lang='lat' dir='ltr'><strong>pulverulenta</strong></span> <span class='ocrx_word' id='word_1_156' title='bbox 514 3061 643 3128; x_wconf 87' lang='lat' dir='ltr'><strong>vacant,</strong></span> <span class='ocrx_word' id='word_1_157' title='bbox 662 3061 790 3133; x_wconf 87' lang='lat' dir='ltr'><strong>septem</strong></span> <span class='ocrx_word' id='word_1_158' title='bbox 808 3053 879 3114; x_wconf 89' lang='lat' dir='ltr'><strong>sine</strong></span> <span class='ocrx_word' id='word_1_159' title='bbox 896 3051 1031 3115; x_wconf 77' lang='lat' dir='ltr'><strong>flumine</strong></span> <span class='ocrx_word' id='word_1_160' title='bbox 1046 3051 1158 3115; x_wconf 74' lang='lat' dir='ltr'><strong>valles</strong></span> 
     </span>
     <span class='ocr_line' id='line_1_26' title="bbox 312 3163 1316 3247; baseline -0.003 -19"><span class='ocrx_word' id='word_1_161' title='bbox 312 3164 442 3228; x_wconf 93' lang='lat' dir='ltr'><strong>Dissilit</strong></span> <span class='ocrx_word' id='word_1_162' title='bbox 457 3184 555 3228; x_wconf 92' lang='lat' dir='ltr'><strong>omne</strong></span> <span class='ocrx_word' id='word_1_163' title='bbox 569 3163 684 3240; x_wconf 87' lang='lat' dir='ltr'><strong>solum,</strong></span> <span class='ocrx_word' id='word_1_164' title='bbox 699 3172 918 3247; x_wconf 89' lang='lat' dir='ltr'><strong>penetratque</strong></span> <span class='ocrx_word' id='word_1_165' title='bbox 931 3163 963 3226; x_wconf 92' lang='lat' dir='ltr'><strong>in</strong></span> <span class='ocrx_word' id='word_1_166' title='bbox 976 3165 1117 3226; x_wconf 91' lang='lat' dir='ltr'><strong>Tartara</strong></span> <span class='ocrx_word' id='word_1_167' title='bbox 1128 3174 1220 3229; x_wconf 77' lang='lat' dir='ltr'><strong>rimis</strong></span> <span class='ocrx_word' id='word_1_168' title='bbox 1237 3179 1316 3240; x_wconf 74' lang='lat' dir='ltr'><strong>night</strong></span> 
     </span>
     <span class='ocr_line' id='line_1_27' title="bbox 268 3251 1361 3372; baseline -0.001 -32"><span class='ocrx_word' id='word_1_169' title='bbox 268 3278 380 3340; x_wconf 77' lang='lat' dir='ltr'><strong>lumen</strong></span> <span class='ocrx_word' id='word_1_170' title='bbox 397 3287 431 3341; x_wconf 91' lang='lat' dir='ltr'><strong>et</strong></span> <span class='ocrx_word' id='word_1_171' title='bbox 446 3277 614 3340; x_wconf 78' lang='lat' dir='ltr'><strong>infernum</strong></span> <span class='ocrx_word' id='word_1_172' title='bbox 631 3285 733 3339; x_wconf 91' lang='lat' dir='ltr'><strong>terret</strong></span> <span class='ocrx_word' id='word_1_173' title='bbox 748 3296 824 3339; x_wconf 90' lang='lat' dir='ltr'><strong>cum</strong></span> <span class='ocrx_word' id='word_1_174' title='bbox 840 3275 982 3357; x_wconf 85' lang='lat' dir='ltr'><strong>coniuge</strong></span> <span class='ocrx_word' id='word_1_175' title='bbox 997 3283 1120 3359; x_wconf 74' lang='lat' dir='ltr'><strong>regem.</strong></span> <span class='ocrx_word' id='word_1_176' title='bbox 1237 3251 1361 3372; x_wconf 44' lang='lat'><strong>{222⁸</strong></span> 
     </span>
     <span class='ocr_line' id='line_1_28' title="bbox 269 3388 1218 3471; baseline 0.001 -19"><span class='ocrx_word' id='word_1_177' title='bbox 269 3390 315 3453; x_wconf 90' lang='lat' dir='ltr'><strong>Et</strong></span> <span class='ocrx_word' id='word_1_178' title='bbox 326 3410 416 3453; x_wconf 91' lang='lat' dir='ltr'><strong>mare</strong></span> <span class='ocrx_word' id='word_1_179' title='bbox 429 3390 643 3464; x_wconf 88' lang='lat' dir='ltr'><strong>contrahitur,</strong></span> <span class='ocrx_word' id='word_1_180' title='bbox 658 3388 832 3471; x_wconf 88' lang='lat' dir='ltr'><strong>siccaeque</strong></span> <span class='ocrx_word' id='word_1_181' title='bbox 847 3396 899 3451; x_wconf 92' lang='lat' dir='ltr'><strong>est</strong></span> <span class='ocrx_word' id='word_1_182' title='bbox 914 3408 1052 3470; x_wconf 88' lang='lat' dir='ltr'><strong>campus</strong></span> <span class='ocrx_word' id='word_1_183' title='bbox 1065 3389 1218 3467; x_wconf 76' lang='lat' dir='ltr'><strong>harenae,</strong></span> 
     </span>
     <span class='ocr_line' id='line_1_29' title="bbox 213 3500 1220 3585; baseline 0.003 -22"><span class='ocrx_word' id='word_1_184' title='bbox 213 3515 257 3563; x_wconf 86' lang='lat'><strong>240</strong></span> <span class='ocrx_word' id='word_1_185' title='bbox 268 3503 358 3585; x_wconf 92' lang='lat' dir='ltr'><strong>quod</strong></span> <span class='ocrx_word' id='word_1_186' title='bbox 384 3504 483 3566; x_wconf 92' lang='lat' dir='ltr'><strong>modo</strong></span> <span class='ocrx_word' id='word_1_187' title='bbox 514 3511 636 3584; x_wconf 93' lang='lat' dir='ltr'><strong>pontus</strong></span> <span class='ocrx_word' id='word_1_188' title='bbox 663 3511 752 3576; x_wconf 88' lang='lat' dir='ltr'><strong>erat;</strong></span> <span class='ocrx_word' id='word_1_189' title='bbox 784 3508 933 3583; x_wconf 78' lang='lat' dir='ltr'><strong>quosque</strong></span> <span class='ocrx_word' id='word_1_190' title='bbox 960 3500 1063 3563; x_wconf 92' lang='lat' dir='ltr'><strong>altum</strong></span> <span class='ocrx_word' id='word_1_191' title='bbox 1094 3509 1220 3566; x_wconf 73' lang='lat' dir='ltr'><strong>texerat</strong></span> 
     </span>
     <span class='ocr_line' id='line_1_30' title="bbox 356 3635 490 3698; baseline 0 -21"><span class='ocrx_word' id='word_1_192' title='bbox 356 3635 490 3698; x_wconf 90' lang='lat' dir='ltr'><strong>aequor,</strong></span> 
     </span>
     <span class='ocr_line' id='line_1_31' title="bbox 268 3726 1156 3809; baseline 0 -19"><span class='ocrx_word' id='word_1_193' title='bbox 268 3727 431 3790; x_wconf 87' lang='lat' dir='ltr'><strong>exsistunt</strong></span> <span class='ocrx_word' id='word_1_194' title='bbox 447 3733 576 3791; x_wconf 72' lang='lat' dir='ltr'><strong>montes</strong></span> <span class='ocrx_word' id='word_1_195' title='bbox 592 3736 626 3790; x_wconf 88' lang='lat' dir='ltr'><strong>et</strong></span> <span class='ocrx_word' id='word_1_196' title='bbox 642 3734 775 3808; x_wconf 75' lang='lat' dir='ltr'><strong>sparsas</strong></span> <span class='ocrx_word' id='word_1_197' title='bbox 792 3726 957 3809; x_wconf 89' lang='lat' dir='ltr'><strong>Cycladas</strong></span> <span class='ocrx_word' id='word_1_198' title='bbox 973 3735 1106 3807; x_wconf 87' lang='lat' dir='ltr'><strong>augent.</strong></span> <span class='ocrx_word' id='word_1_199' title='bbox 1153 3784 1156 3790; x_wconf 92' lang='grc'><em>,</em></span> 
     </span>
    </p>
   </div>
   <div class='ocr_carea' id='block_1_3' title="bbox 0 0 1498 4388">
    <p class='ocr_par' dir='ltr' id='par_1_3' title="bbox 0 0 1498 4388">
     <span class='ocr_line' id='line_1_32' title="bbox 0 0 1498 4388; baseline 0 1"><span class='ocrx_word' id='word_1_200' title='bbox 0 0 1498 4388; x_wconf 95' lang='lat' dir='ltr'><strong> </strong></span> 
     </span>
    </p>
   </div>
  </div>
 </body>
</html>
