2998 4386
320 328 385 415 178
524 337 772 396 sanncrrous
803 339 920 396 raom
952 336 1055 395 ovm

383 598 548 670 XLVII.
583 599 703 668 THE
733 598 1099 669 DEIFICATION
1130 597 1199 668 OF

688 723 894 795 CAESAR

359 904 838 971 Caesarinurbesuadeusest.
882 904 990 985 Quem
1003 906 1112 967 Marte
1123 914 1267 986 togaque

316 1017 538 1100 praecipuum.
549 1037 615 1079 non
632 1017 719 1080 bella
735 1018 841 1096 magis
858 1017 951 1079 finita
967 1018 1144 1098 triumphis

315 1151 434 1212 resque
450 1130 538 1194 domi
551 1139 667 1210 gestae
681 1137 924 1211 properataque
941 1129 1047 1211 gloria
1062 1149 1172 1192 rerum

316 1244 347 1305 in
367 1243 457 1305 sidus
472 1252 601 1305 vertere
618 1261 740 1303 novum
759 1240 955 1323 stellamque
972 1252 1169 1316 comantem,

316 1376 415 1438 quam
429 1376 489 1417 sua
502 1354 688 1436 progenies.
739 1354 859 1436 Neque
872 1355 960 1416 enim
972 1354 1013 1417 de
1024 1353 1176 1418 Caesaris
1187 1355 1268 1416 actis
1313 1374 1326 1427 5

316 1467 419 1530 ullum
430 1477 481 1530 est
492 1467 598 1529 maius
611 1486 696 1548 opus
708 1487 807 1548 quam
819 1467 907 1549 quod
919 1476 1013 1548 pater
1023 1467 1147 1529 exstitit
1161 1466 1266 1527 huius.

318 1580 451 1643 Scilicet
466 1599 647 1660 aequoreos
665 1579 740 1660 plus
758 1588 810 1641 est
826 1578 992 1641 domuisse
1013 1579 1199 1654 Britannos,

318 1711 442 1773 perque
459 1691 643 1775 papyriferi
660 1690 858 1771 septemflua
875 1690 1011 1753 fiumina
1029 1690 1097 1753 Nili

124 1817 170 1863 nis
316 1805 460 1866 victricis
475 1805 584 1884 egisse
600 1804 688 1879 ratis,
708 1803 939 1885 Numidasque
954 1803 1086 1866 rebellis

123 1893 245 2012 {ffic-
318 1915 587 2000 Cinyphiumque
605 1914 722 1977 Iubam
743 1915 1032 1996 Mithridateisque
1048 1925 1231 1978 tumentem
1298 1933 1327 1968 10

124 2044 208 2088 ments
317 2028 506 2091 nominibus
524 2028 662 2090 Pontum
684 2028 809 2109 populo
827 2027 986 2090 adiecisse
1004 2027 1144 2109 Quirini,

317 2150 351 2204 et
366 2140 487 2203 multos
504 2140 672 2216 meruisse,
692 2140 819 2222 aliquos
837 2140 945 2220 egisse
962 2140 1158 2222 triumphos

317 2273 416 2335 quam
430 2262 560 2315 tantum
573 2254 728 2334 genuisse
740 2252 868 2315 virum?
908 2253 983 2334 Quo
995 2252 1146 2332 praeside
1159 2273 1268 2315 rerum

317 2366 464 2428 humano
480 2367 603 2446 generi,
619 2365 739 2445 superi,
760 2363 889 2427 favistis
907 2365 1048 2427 abunde.

363 2478 416 2539 Ne
432 2478 519 2540 foret
540 2477 593 2540 hic
609 2477 710 2557 igitur
727 2477 858 2539 mortali
875 2476 1001 2540 semine
1017 2487 1136 2552 cretus,
1298 2489 1327 2542 Ι5

317 2590 371 2652 ille
388 2589 470 2651 deus
486 2588 660 2652 faciendus
677 2597 757 2651 erat.
806 2589 906 2670 Quod
922 2598 958 2650 ut
974 2609 1075 2651 aurea
1089 2589 1171 2652 vidit

319 2702 457 2764 Aeneae
473 2701 632 2782 genetrix,
649 2701 731 2763 vidit
749 2721 880 2781 quoque
896 2701 990 2763 triste
1003 2702 1113 2782 parari

318 2814 465 2894 pontifici
481 2813 582 2875 letum
600 2822 633 2875 et
650 2814 821 2876 coniurata
838 2834 929 2875 arma
945 2814 1078 2890 moveri,

318 2925 449 3006 palluit;
466 2935 499 2988 et
514 2925 651 3001 cunctis,
670 2935 706 2988 ut
722 2927 841 3008 cuique
858 2935 929 2989 erat
945 2925 1050 3002 obvia,
1068 2928 1160 3002 divis,

320 3039 501 3119 “Aspice”
519 3038 660 3113 dicebat,
679 3045 833 3120 “quanta
850 3040 930 3100 mihi
947 3039 1033 3102 mole
1045 3049 1205 3120 parentur
1297 3048 1328 3083 ²0

359 3217 466 3265 XLVII.
504 3230 524 3266 1.
538 3219 652 3268 Marte:
664 3217 857 3279 bella—toga:
868 3225 937 3281 pace.
972 3232 996 3277 4.
1013 3220 1197 3266 comantem:
1209 3218 1270 3265 with

317 3300 430 3364 trailing
451 3300 533 3357 kaim·
562 3316 622 3364 goes
650 3299 710 3349 with
738 3301 843 3358 stellam,
866 3307 946 3348 camel.
993 3311 1015 3364 5.
1033 3300 1204 3361 progenies:
1230 3301 1269 3348 ie.

317 3384 452 3445 Augustus,
472 3383 510 3431 his
533 3382 644 3447 adopted
667 3398 722 3430 son.
769 3383 792 3430 6.
816 3382 953 3430 exstltlt:
972 3383 1001 3430 lte
1019 3382 1121 3430 became.
1165 3394 1186 3446 7.
1205 3381 1270 3432 Scl-

317 3465 393 3515 licet
405 3466 474 3526 plue
485 3469 547 3515 eet:
569 3468 590 3513 is
611 3467 633 3513 ir
644 3464 755 3530 fhrsaoth
774 3481 789 3510 a
803 3472 906 3526 greater
923 3465 1016 3528 thing?
1050 3464 1073 3513 8.
1092 3463 1268 3526 papyriferi:

312 3556 430 3613 papyrus
441 3555 464 3604 ψ
470 3549 516 3613 fer
528 3548 589 3596 from
596 3551 662 3612 fera.
670 3547 903 3607 -eeptemssuaz
917 3554 1004 3610 septem
1017 3549 1111 3610 -l-flua.
1145 3561 1169 3609 9.
1181 3547 1268 3595 ratis:

319 3634 401 3680 navis.
443 3644 479 3679 10.
500 3630 694 3692 Cinyphlum:
713 3631 1104 3692 Africanurn.-tumentem:
1121 3631 1214 3696 puffed
1229 3637 1270 3692 up.

321 3727 358 3763 12.
371 3714 484 3780 egisse:
498 3721 521 3760 ta
529 3713 592 3760 harre
603 3712 741 3759 celebrated.
774 3724 810 3773 13.
823 3712 976 3772 praeside:
992 3713 1071 3761 ruler.
1101 3724 1138 3777 15.
1151 3717 1268 3762 oretum

319 3798 388 3846 born.
426 3809 462 3858 19.
479 3798 546 3844 erat
563 3795 670 3844 obvia:
691 3801 745 3842 met.
781 3807 820 3842 20.
841 3794 934 3843 mole:
954 3796 1031 3860 effert.
