<?xml version="1.0" encoding="UTF-8"?>
<!DOCTYPE html PUBLIC "-//W3C//DTD XHTML 1.0 Transitional//EN"
    "http://www.w3.org/TR/xhtml1/DTD/xhtml1-transitional.dtd">
<html xmlns="http://www.w3.org/1999/xhtml" xml:lang="en" lang="en">
 <head>
  <title>
</title>
<meta http-equiv="Content-Type" content="text/html;charset=utf-8" />
  <meta name='ocr-system' content='tesseract 3.04.00' />
  <meta name='ocr-capabilities' content='ocr_page ocr_carea ocr_par ocr_line ocrx_word'/>
</head>
<body>
  <div class='ocr_page' id='page_1' title='image "./poemsovidselect01ovidgoog_0206.png"; bbox 0 0 2998 4386; ppageno 0'>
   <div class='ocr_carea' id='block_1_1' title="bbox 375 387 1177 473">
    <p class='ocr_par' dir='ltr' id='par_1_1' title="bbox 375 387 1177 473">
     <span class='ocr_line' id='line_1_1' title="bbox 375 387 1177 473; baseline 0.004 -26"><span class='ocrx_word' id='word_1_1' title='bbox 375 389 463 447; x_wconf 84' lang='lat' dir='ltr'>THE</span> <span class='ocrx_word' id='word_1_2' title='bbox 492 387 766 447; x_wconf 75' lang='lat' dir='ltr'>onrrrcnrron</span> <span class='ocrx_word' id='word_1_3' title='bbox 796 391 849 447; x_wconf 78' lang='lat' dir='ltr'>or</span> <span class='ocrx_word' id='word_1_4' title='bbox 877 391 1032 449; x_wconf 76' lang='lat' dir='ltr'>causan</span> <span class='ocrx_word' id='word_1_5' title='bbox 1112 401 1177 473; x_wconf 89' lang='lat'>179</span> 
     </span>
    </p>
   </div>
   <div class='ocr_carea' id='block_1_2' title="bbox 134 548 1378 3243">
    <p class='ocr_par' dir='ltr' id='par_1_2' title="bbox 230 548 1378 995">
     <span class='ocr_line' id='line_1_2' title="bbox 230 548 1378 658; baseline 0.001 -24"><span class='ocrx_word' id='word_1_6' title='bbox 230 571 379 648; x_wconf 85' lang='lat' dir='ltr'>insidiae,</span> <span class='ocrx_word' id='word_1_7' title='bbox 394 583 583 655; x_wconf 91' lang='lat' dir='ltr'>quantaque</span> <span class='ocrx_word' id='word_1_8' title='bbox 600 548 701 654; x_wconf 81' lang='lat' dir='ltr'>eaput</span> <span class='ocrx_word' id='word_1_9' title='bbox 713 594 788 637; x_wconf 94' lang='lat' dir='ltr'>cum</span> <span class='ocrx_word' id='word_1_10' title='bbox 805 575 923 638; x_wconf 91' lang='lat' dir='ltr'>fraude</span> <span class='ocrx_word' id='word_1_11' title='bbox 940 584 1072 658; x_wconf 89' lang='lat' dir='ltr'>petatur</span> <span class='ocrx_word' id='word_1_12' title='bbox 1196 576 1283 622; x_wconf 75' lang='lat' dir='ltr'><strong>V011¹¹⁸</strong></span> <span class='ocrx_word' id='word_1_13' title='bbox 1375 630 1378 635; x_wconf 88' lang='lat'><em>.</em></span> 
     </span>
     <span class='ocr_line' id='line_1_3' title="bbox 230 652 1330 772; baseline 0.005 -26"><span class='ocrx_word' id='word_1_14' title='bbox 230 684 318 767; x_wconf 94' lang='lat' dir='ltr'>quod</span> <span class='ocrx_word' id='word_1_15' title='bbox 334 685 376 747; x_wconf 92' lang='lat' dir='ltr'>de</span> <span class='ocrx_word' id='word_1_16' title='bbox 395 685 565 749; x_wconf 90' lang='lat' dir='ltr'>Dardanio</span> <span class='ocrx_word' id='word_1_17' title='bbox 582 686 688 747; x_wconf 92' lang='lat' dir='ltr'>solum</span> <span class='ocrx_word' id='word_1_18' title='bbox 705 686 786 748; x_wconf 94' lang='lat' dir='ltr'>mihi</span> <span class='ocrx_word' id='word_1_19' title='bbox 801 696 905 750; x_wconf 90' lang='lat' dir='ltr'>restat</span> <span class='ocrx_word' id='word_1_20' title='bbox 922 688 1004 752; x_wconf 91' lang='lat' dir='ltr'>Iulo.</span> <span class='ocrx_word' id='word_1_21' title='bbox 1196 652 1330 772; x_wconf 46' lang='lat' dir='ltr'>{giam</span> 
     </span>
     <span class='ocr_line' id='line_1_4' title="bbox 231 796 1262 880; baseline 0.005 -21"><span class='ocrx_word' id='word_1_22' title='bbox 231 796 353 860; x_wconf 90' lang='lat' dir='ltr'>Solane</span> <span class='ocrx_word' id='word_1_23' title='bbox 369 816 502 880; x_wconf 89' lang='lat' dir='ltr'>semper</span> <span class='ocrx_word' id='word_1_24' title='bbox 517 817 573 860; x_wconf 93' lang='lat' dir='ltr'>ero</span> <span class='ocrx_word' id='word_1_25' title='bbox 588 797 683 861; x_wconf 92' lang='lat' dir='ltr'>iustis</span> <span class='ocrx_word' id='word_1_26' title='bbox 698 799 842 862; x_wconf 87' lang='lat' dir='ltr'>exercita</span> <span class='ocrx_word' id='word_1_27' title='bbox 859 802 954 877; x_wconf 88' lang='lat' dir='ltr'>curis,</span> <span class='ocrx_word' id='word_1_28' title='bbox 1196 799 1262 847; x_wconf 64' lang='lat'>&lt;³⁰⁶⁸</span> 
     </span>
     <span class='ocr_line' id='line_1_5' title="bbox 230 910 1100 995; baseline 0.009 -24"><span class='ocrx_word' id='word_1_29' title='bbox 230 930 330 992; x_wconf 89' lang='lat' dir='ltr'>quam</span> <span class='ocrx_word' id='word_1_30' title='bbox 347 910 445 973; x_wconf 92' lang='lat' dir='ltr'>modo</span> <span class='ocrx_word' id='word_1_31' title='bbox 462 910 613 994; x_wconf 84' lang='lat' dir='ltr'>Tydidae</span> <span class='ocrx_word' id='word_1_32' title='bbox 632 912 815 995; x_wconf 89' lang='lat' dir='ltr'>Calydonia</span> <span class='ocrx_word' id='word_1_33' title='bbox 830 913 981 978; x_wconf 91' lang='lat' dir='ltr'>vulneret</span> <span class='ocrx_word' id='word_1_34' title='bbox 995 916 1100 992; x_wconf 88' lang='lat' dir='ltr'>hasta,</span> 
     </span>
    </p>

    <p class='ocr_par' dir='ltr' id='par_1_3' title="bbox 170 1023 1119 1220">
     <span class='ocr_line' id='line_1_6' title="bbox 170 1023 1119 1112; baseline 0.007 -27"><span class='ocrx_word' id='word_1_35' title='bbox 170 1057 202 1112; x_wconf 80' lang='lat'>25</span> <span class='ocrx_word' id='word_1_36' title='bbox 230 1043 320 1086; x_wconf 88' lang='lat' dir='ltr'>nune</span> <span class='ocrx_word' id='word_1_37' title='bbox 333 1023 418 1086; x_wconf 93' lang='lat' dir='ltr'>male</span> <span class='ocrx_word' id='word_1_38' title='bbox 435 1024 594 1087; x_wconf 80' lang='lat' dir='ltr'>defensae</span> <span class='ocrx_word' id='word_1_39' title='bbox 610 1025 819 1088; x_wconf 86' lang='lat' dir='ltr'>confundant</span> <span class='ocrx_word' id='word_1_40' title='bbox 834 1027 966 1090; x_wconf 90' lang='lat' dir='ltr'>moenia</span> <span class='ocrx_word' id='word_1_41' title='bbox 981 1029 1119 1105; x_wconf 88' lang='lat' dir='ltr'>Troiae;</span> 
     </span>
     <span class='ocr_line' id='line_1_7' title="bbox 230 1137 1026 1220; baseline 0.005 -21"><span class='ocrx_word' id='word_1_42' title='bbox 230 1157 315 1220; x_wconf 91' lang='lat' dir='ltr'>quae</span> <span class='ocrx_word' id='word_1_43' title='bbox 331 1137 462 1200; x_wconf 91' lang='lat' dir='ltr'>videam</span> <span class='ocrx_word' id='word_1_44' title='bbox 478 1146 592 1200; x_wconf 90' lang='lat' dir='ltr'>natum</span> <span class='ocrx_word' id='word_1_45' title='bbox 609 1138 718 1220; x_wconf 87' lang='lat' dir='ltr'>longis</span> <span class='ocrx_word' id='word_1_46' title='bbox 734 1139 899 1202; x_wconf 92' lang='lat' dir='ltr'>erroribus</span> <span class='ocrx_word' id='word_1_47' title='bbox 916 1150 1026 1203; x_wconf 91' lang='lat' dir='ltr'>actum</span> 
     </span>
    </p>

    <p class='ocr_par' dir='ltr' id='par_1_4' title="bbox 134 1250 1158 1561">
     <span class='ocr_line' id='line_1_8' title="bbox 134 1250 990 1333; baseline 0.005 -22"><span class='ocrx_word' id='word_1_48' title='bbox 134 1250 135 1254; x_wconf 72' lang='grc'>’</span> <span class='ocrx_word' id='word_1_49' title='bbox 229 1251 409 1333; x_wconf 87' lang='lat' dir='ltr'>iactarique</span> <span class='ocrx_word' id='word_1_50' title='bbox 421 1252 511 1313; x_wconf 76' lang='lat' dir='ltr'>&#39;freto</span> <span class='ocrx_word' id='word_1_51' title='bbox 524 1251 678 1333; x_wconf 91' lang='lat' dir='ltr'>sedisque</span> <span class='ocrx_word' id='word_1_52' title='bbox 695 1251 819 1314; x_wconf 90' lang='lat' dir='ltr'>intrare</span> <span class='ocrx_word' id='word_1_53' title='bbox 836 1253 990 1316; x_wconf 89' lang='lat' dir='ltr'>silentum</span> 
     </span>
     <span class='ocr_line' id='line_1_9' title="bbox 229 1363 1127 1447; baseline 0.004 -22"><span class='ocrx_word' id='word_1_54' title='bbox 229 1363 381 1447; x_wconf 90' lang='lat' dir='ltr'>bellaque</span> <span class='ocrx_word' id='word_1_55' title='bbox 398 1384 473 1426; x_wconf 91' lang='lat' dir='ltr'>curn</span> <span class='ocrx_word' id='word_1_56' title='bbox 489 1365 604 1426; x_wconf 92' lang='lat' dir='ltr'>Turno</span> <span class='ocrx_word' id='word_1_57' title='bbox 620 1384 737 1445; x_wconf 85' lang='lat' dir='ltr'>gerere</span> <span class='ocrx_word' id='word_1_58' title='bbox 753 1374 818 1441; x_wconf 88' lang='lat' dir='ltr'>aut,</span> <span class='ocrx_word' id='word_1_59' title='bbox 836 1365 865 1427; x_wconf 93' lang='lat' dir='ltr'>si</span> <span class='ocrx_word' id='word_1_60' title='bbox 879 1386 957 1428; x_wconf 90' lang='lat' dir='ltr'>vera</span> <span class='ocrx_word' id='word_1_61' title='bbox 974 1367 1127 1443; x_wconf 90' lang='lat' dir='ltr'>fatemur,</span> 
     </span>
     <span class='ocr_line' id='line_1_10' title="bbox 230 1476 1158 1561; baseline 0.004 -23"><span class='ocrx_word' id='word_1_62' title='bbox 230 1497 305 1539; x_wconf 92' lang='lat' dir='ltr'>cum</span> <span class='ocrx_word' id='word_1_63' title='bbox 322 1477 451 1539; x_wconf 93' lang='lat' dir='ltr'>Iunone</span> <span class='ocrx_word' id='word_1_64' title='bbox 467 1476 596 1558; x_wconf 86' lang='lat' dir='ltr'>magis?</span> <span class='ocrx_word' id='word_1_65' title='bbox 642 1477 732 1559; x_wconf 86' lang='lat' dir='ltr'>Quid</span> <span class='ocrx_word' id='word_1_66' title='bbox 748 1497 837 1540; x_wconf 93' lang='lat' dir='ltr'>nunc</span> <span class='ocrx_word' id='word_1_67' title='bbox 853 1478 989 1561; x_wconf 90' lang='lat' dir='ltr'>antiqua</span> <span class='ocrx_word' id='word_1_68' title='bbox 1005 1479 1158 1542; x_wconf 93' lang='lat' dir='ltr'>recordor</span> 
     </span>
    </p>

    <p class='ocr_par' dir='ltr' id='par_1_5' title="bbox 171 1589 1179 1766">
     <span class='ocr_line' id='line_1_11' title="bbox 171 1589 1179 1672; baseline -0.001 -18"><span class='ocrx_word' id='word_1_69' title='bbox 171 1619 202 1670; x_wconf 84' lang='lat'>30</span> <span class='ocrx_word' id='word_1_70' title='bbox 230 1590 353 1652; x_wconf 91' lang='lat' dir='ltr'>damna</span> <span class='ocrx_word' id='word_1_71' title='bbox 368 1590 433 1652; x_wconf 92' lang='lat' dir='ltr'>mei</span> <span class='ocrx_word' id='word_1_72' title='bbox 449 1589 606 1670; x_wconf 88' lang='lat' dir='ltr'>generis?</span> <span class='ocrx_word' id='word_1_73' title='bbox 636 1591 751 1652; x_wconf 92' lang='lat' dir='ltr'>Timor</span> <span class='ocrx_word' id='word_1_74' title='bbox 759 1591 818 1668; x_wconf 78' lang='lat' dir='ltr'>liic</span> <span class='ocrx_word' id='word_1_75' title='bbox 831 1591 1020 1654; x_wconf 89' lang='lat' dir='ltr'>meminisse</span> <span class='ocrx_word' id='word_1_76' title='bbox 1033 1592 1179 1672; x_wconf 87' lang='lat' dir='ltr'>priorum</span> 
     </span>
     <span class='ocr_line' id='line_1_12' title="bbox 230 1701 1053 1766; baseline 0.002 -2"><span class='ocrx_word' id='word_1_77' title='bbox 230 1723 296 1765; x_wconf 94' lang='lat' dir='ltr'>non</span> <span class='ocrx_word' id='word_1_78' title='bbox 313 1701 398 1765; x_wconf 90' lang='lat' dir='ltr'>sinit.</span> <span class='ocrx_word' id='word_1_79' title='bbox 445 1703 497 1764; x_wconf 92' lang='lat' dir='ltr'>En</span> <span class='ocrx_word' id='word_1_80' title='bbox 510 1702 585 1764; x_wconf 91' lang='lat' dir='ltr'>acui</span> <span class='ocrx_word' id='word_1_81' title='bbox 601 1701 780 1765; x_wconf 91' lang='lat' dir='ltr'>sceleratos</span> <span class='ocrx_word' id='word_1_82' title='bbox 797 1703 930 1766; x_wconf 86' lang='lat' dir='ltr'>cernitis</span> <span class='ocrx_word' id='word_1_83' title='bbox 947 1703 1053 1766; x_wconf 93' lang='lat' dir='ltr'>ensis!</span> 
     </span>
    </p>

    <p class='ocr_par' dir='ltr' id='par_1_6' title="bbox 230 1815 1157 2009">
     <span class='ocr_line' id='line_1_13' title="bbox 231 1815 1157 1898; baseline 0.003 -21"><span class='ocrx_word' id='word_1_84' title='bbox 231 1815 324 1896; x_wconf 84' lang='lat' dir='ltr'>Quos</span> <span class='ocrx_word' id='word_1_85' title='bbox 341 1815 524 1896; x_wconf 91' lang='lat' dir='ltr'>prohibete,</span> <span class='ocrx_word' id='word_1_86' title='bbox 542 1835 669 1896; x_wconf 89' lang='lat' dir='ltr'>precor,</span> <span class='ocrx_word' id='word_1_87' title='bbox 688 1815 885 1898; x_wconf 83' lang='lat' dir='ltr'>facinusque</span> <span class='ocrx_word' id='word_1_88' title='bbox 898 1816 1056 1897; x_wconf 87' lang='lat' dir='ltr'>repellite,</span> <span class='ocrx_word' id='word_1_89' title='bbox 1074 1837 1157 1880; x_wconf 93' lang='lat' dir='ltr'>neve</span> 
     </span>
     <span class='ocr_line' id='line_1_14' title="bbox 230 1927 1083 2009; baseline 0.004 -20"><span class='ocrx_word' id='word_1_90' title='bbox 230 1928 332 1990; x_wconf 90' lang='lat' dir='ltr'>caede</span> <span class='ocrx_word' id='word_1_91' title='bbox 349 1927 529 1990; x_wconf 87' lang='lat' dir='ltr'>sacerdotis</span> <span class='ocrx_word' id='word_1_92' title='bbox 545 1928 696 1989; x_wconf 90' lang='lat' dir='ltr'>flammas</span> <span class='ocrx_word' id='word_1_93' title='bbox 712 1927 912 2009; x_wconf 86' lang='lat' dir='ltr'>exstinguite</span> <span class='ocrx_word' id='word_1_94' title='bbox 928 1929 1083 1992; x_wconf 90' lang='lat' dir='ltr'>Vestae.&#39;’</span> 
     </span>
    </p>

    <p class='ocr_par' dir='ltr' id='par_1_7' title="bbox 229 2039 1261 2236">
     <span class='ocr_line' id='line_1_15' title="bbox 273 2039 1026 2121; baseline 0.004 -20"><span class='ocrx_word' id='word_1_95' title='bbox 273 2039 368 2101; x_wconf 90' lang='lat' dir='ltr'>Talia</span> <span class='ocrx_word' id='word_1_96' title='bbox 384 2041 586 2121; x_wconf 91' lang='lat' dir='ltr'>nequiquam</span> <span class='ocrx_word' id='word_1_97' title='bbox 603 2048 672 2102; x_wconf 95' lang='lat' dir='ltr'>toto</span> <span class='ocrx_word' id='word_1_98' title='bbox 689 2040 805 2103; x_wconf 92' lang='lat' dir='ltr'>Venus</span> <span class='ocrx_word' id='word_1_99' title='bbox 821 2041 919 2102; x_wconf 89' lang='lat' dir='ltr'>anxia</span> <span class='ocrx_word' id='word_1_100' title='bbox 935 2041 1026 2104; x_wconf 88' lang='lat' dir='ltr'>eaelo</span> 
     </span>
     <span class='ocr_line' id='line_1_16' title="bbox 229 2151 1261 2236; baseline 0.004 -21"><span class='ocrx_word' id='word_1_101' title='bbox 229 2152 331 2215; x_wconf 90' lang='lat' dir='ltr'>verba</span> <span class='ocrx_word' id='word_1_102' title='bbox 367 2151 454 2227; x_wconf 90' lang='lat' dir='ltr'>iacit,</span> <span class='ocrx_word' id='word_1_103' title='bbox 493 2172 699 2234; x_wconf 89' lang='lat' dir='ltr'>superosque</span> <span class='ocrx_word' id='word_1_104' title='bbox 737 2161 856 2216; x_wconf 90' lang='lat' dir='ltr'>movet.</span> <span class='ocrx_word' id='word_1_105' title='bbox 919 2153 987 2236; x_wconf 84' lang='lat' dir='ltr'>Qui</span> <span class='ocrx_word' id='word_1_106' title='bbox 1025 2175 1180 2236; x_wconf 90' lang='lat' dir='ltr'>rumpere</span> <span class='ocrx_word' id='word_1_107' title='bbox 1197 2165 1261 2212; x_wconf 78' lang='lat' dir='ltr'>who</span> 
     </span>
    </p>

    <p class='ocr_par' dir='ltr' id='par_1_8' title="bbox 171 2241 1318 2802">
     <span class='ocr_line' id='line_1_17' title="bbox 171 2241 1288 2360; baseline 0.002 -34"><span class='ocrx_word' id='word_1_108' title='bbox 171 2274 202 2326; x_wconf 87' lang='lat'>35</span> <span class='ocrx_word' id='word_1_109' title='bbox 317 2285 519 2347; x_wconf 90' lang='lat' dir='ltr'>quamquam</span> <span class='ocrx_word' id='word_1_110' title='bbox 1198 2241 1288 2360; x_wconf 46' lang='lat' dir='ltr'>{mul</span> 
     </span>
     <span class='ocr_line' id='line_1_18' title="bbox 230 2377 1318 2457; baseline 0.003 -19"><span class='ocrx_word' id='word_1_111' title='bbox 230 2377 338 2439; x_wconf 90' lang='lat' dir='ltr'>ferrea</span> <span class='ocrx_word' id='word_1_112' title='bbox 350 2397 417 2440; x_wconf 94' lang='lat' dir='ltr'>non</span> <span class='ocrx_word' id='word_1_113' title='bbox 431 2386 573 2457; x_wconf 93' lang='lat' dir='ltr'>possunt</span> <span class='ocrx_word' id='word_1_114' title='bbox 587 2386 737 2439; x_wconf 90' lang='lat' dir='ltr'>veterum</span> <span class='ocrx_word' id='word_1_115' title='bbox 756 2378 889 2441; x_wconf 90' lang='lat' dir='ltr'>decreta</span> <span class='ocrx_word' id='word_1_116' title='bbox 902 2399 1060 2455; x_wconf 88' lang='lat' dir='ltr'>sororum,</span> <span class='ocrx_word' id='word_1_117' title='bbox 1197 2388 1318 2435; x_wconf 71' lang='lat' dir='ltr'>Portenta</span> 
     </span>
     <span class='ocr_line' id='line_1_19' title="bbox 230 2471 1086 2569; baseline 0.001 -19"><span class='ocrx_word' id='word_1_118' title='bbox 230 2489 327 2569; x_wconf 85' lang='lat' dir='ltr'>signa</span> <span class='ocrx_word' id='word_1_119' title='bbox 342 2497 454 2550; x_wconf 89' lang='lat' dir='ltr'>tamen</span> <span class='ocrx_word' id='word_1_120' title='bbox 471 2488 580 2551; x_wconf 91' lang='lat' dir='ltr'>luctus</span> <span class='ocrx_word' id='word_1_121' title='bbox 596 2489 678 2553; x_wconf 90' lang='lat' dir='ltr'>dant</span> <span class='ocrx_word' id='word_1_122' title='bbox 695 2489 783 2551; x_wconf 91' lang='lat' dir='ltr'>haud</span> <span class='ocrx_word' id='word_1_123' title='bbox 799 2491 926 2553; x_wconf 90' lang='lat' dir='ltr'>incerta</span> <span class='ocrx_word' id='word_1_124' title='bbox 943 2491 1054 2553; x_wconf 91' lang='lat' dir='ltr'>futuri.</span> <span class='ocrx_word' id='word_1_125' title='bbox 1082 2471 1086 2478; x_wconf 40' lang='lat'><strong><em>¹</em></strong></span> 
     </span>
     <span class='ocr_line' id='line_1_20' title="bbox 230 2600 1020 2682; baseline 0.004 -21"><span class='ocrx_word' id='word_1_126' title='bbox 230 2600 336 2661; x_wconf 92' lang='lat' dir='ltr'>Arma</span> <span class='ocrx_word' id='word_1_127' title='bbox 353 2600 466 2662; x_wconf 90' lang='lat' dir='ltr'>ferunt</span> <span class='ocrx_word' id='word_1_128' title='bbox 480 2601 566 2662; x_wconf 92' lang='lat' dir='ltr'>inter</span> <span class='ocrx_word' id='word_1_129' title='bbox 581 2601 694 2681; x_wconf 85' lang='lat' dir='ltr'>nigras</span> <span class='ocrx_word' id='word_1_130' title='bbox 711 2601 908 2682; x_wconf 90' lang='lat' dir='ltr'>crepitantia</span> <span class='ocrx_word' id='word_1_131' title='bbox 924 2603 1020 2665; x_wconf 93' lang='lat' dir='ltr'>nubis</span> 
     </span>
     <span class='ocr_line' id='line_1_21' title="bbox 229 2711 1117 2802; baseline 0.003 -28"><span class='ocrx_word' id='word_1_132' title='bbox 229 2711 449 2794; x_wconf 90' lang='lat' dir='ltr'>terribilisque</span> <span class='ocrx_word' id='word_1_133' title='bbox 466 2711 563 2774; x_wconf 90' lang='lat' dir='ltr'>tubas</span> <span class='ocrx_word' id='word_1_134' title='bbox 577 2712 756 2795; x_wconf 90' lang='lat' dir='ltr'>auditaque</span> <span class='ocrx_word' id='word_1_135' title='bbox 773 2733 897 2776; x_wconf 90' lang='lat' dir='ltr'>cornua</span> <span class='ocrx_word' id='word_1_136' title='bbox 914 2713 1005 2776; x_wconf 87' lang='lat' dir='ltr'>caelo</span> <span class='ocrx_word' id='word_1_137' title='bbox 1113 2793 1117 2802; x_wconf 31' lang='grc'><strong>,</strong></span> 
     </span>
    </p>

    <p class='ocr_par' dir='ltr' id='par_1_9' title="bbox 170 2824 1132 3018">
     <span class='ocr_line' id='line_1_22' title="bbox 170 2824 1132 2908; baseline 0.008 -26"><span class='ocrx_word' id='word_1_138' title='bbox 170 2846 202 2893; x_wconf 84' lang='lat'>40</span> <span class='ocrx_word' id='word_1_139' title='bbox 230 2826 479 2906; x_wconf 90' lang='lat' dir='ltr'>praemonuisse</span> <span class='ocrx_word' id='word_1_140' title='bbox 496 2825 601 2888; x_wconf 90' lang='lat' dir='ltr'>nefas.</span> <span class='ocrx_word' id='word_1_141' title='bbox 652 2824 738 2889; x_wconf 92' lang='lat' dir='ltr'>Solis</span> <span class='ocrx_word' id='word_1_142' title='bbox 755 2845 887 2907; x_wconf 92' lang='lat' dir='ltr'>quoque</span> <span class='ocrx_word' id='word_1_143' title='bbox 902 2825 1005 2888; x_wconf 92' lang='lat' dir='ltr'>tristis</span> <span class='ocrx_word' id='word_1_144' title='bbox 1020 2828 1132 2908; x_wconf 86' lang='lat' dir='ltr'>imago</span> 
     </span>
     <span class='ocr_line' id='line_1_23' title="bbox 230 2936 959 3018; baseline 0.001 -19"><span class='ocrx_word' id='word_1_145' title='bbox 230 2937 339 3000; x_wconf 91' lang='lat' dir='ltr'>lurida·</span> <span class='ocrx_word' id='word_1_146' title='bbox 353 2937 499 3001; x_wconf 91' lang='lat' dir='ltr'>sollicitis</span> <span class='ocrx_word' id='word_1_147' title='bbox 516 2936 699 3018; x_wconf 88' lang='lat' dir='ltr'>praebebat</span> <span class='ocrx_word' id='word_1_148' title='bbox 714 2937 839 3000; x_wconf 91' lang='lat' dir='ltr'>lumina</span> <span class='ocrx_word' id='word_1_149' title='bbox 854 2937 959 3000; x_wconf 89' lang='lat' dir='ltr'>terris.</span> 
     </span>
    </p>

    <p class='ocr_par' dir='ltr' id='par_1_10' title="bbox 230 3049 1058 3243">
     <span class='ocr_line' id='line_1_24' title="bbox 230 3049 1021 3130; baseline 0.001 -17"><span class='ocrx_word' id='word_1_150' title='bbox 230 3050 339 3130; x_wconf 88' lang='lat' dir='ltr'>Saepe</span> <span class='ocrx_word' id='word_1_151' title='bbox 356 3050 449 3113; x_wconf 90' lang='lat' dir='ltr'>faces</span> <span class='ocrx_word' id='word_1_152' title='bbox 464 3050 555 3113; x_wconf 90' lang='lat' dir='ltr'>visae</span> <span class='ocrx_word' id='word_1_153' title='bbox 571 3049 688 3112; x_wconf 90' lang='lat' dir='ltr'>mediis</span> <span class='ocrx_word' id='word_1_154' title='bbox 705 3050 821 3112; x_wconf 92' lang='lat' dir='ltr'>ardere</span> <span class='ocrx_word' id='word_1_155' title='bbox 838 3049 899 3112; x_wconf 93' lang='lat' dir='ltr'>sub</span> <span class='ocrx_word' id='word_1_156' title='bbox 916 3053 1021 3126; x_wconf 92' lang='lat' dir='ltr'>astris,</span> 
     </span>
     <span class='ocr_line' id='line_1_25' title="bbox 230 3161 1058 3243; baseline 0.005 -20"><span class='ocrx_word' id='word_1_157' title='bbox 230 3181 330 3243; x_wconf 91' lang='lat' dir='ltr'>saepe</span> <span class='ocrx_word' id='word_1_158' title='bbox 346 3161 432 3225; x_wconf 92' lang='lat' dir='ltr'>inter</span> <span class='ocrx_word' id='word_1_159' title='bbox 447 3163 578 3226; x_wconf 90' lang='lat' dir='ltr'>nimbos</span> <span class='ocrx_word' id='word_1_160' title='bbox 595 3172 710 3243; x_wconf 87' lang='lat' dir='ltr'>guttae</span> <span class='ocrx_word' id='word_1_161' title='bbox 728 3161 878 3224; x_wconf 91' lang='lat' dir='ltr'>cecidere</span> <span class='ocrx_word' id='word_1_162' title='bbox 891 3173 1058 3227; x_wconf 89' lang='lat' dir='ltr'>cruentae.</span> 
     </span>
    </p>
   </div>
   <div class='ocr_carea' id='block_1_3' title="bbox 230 3274 1013 3356">
    <p class='ocr_par' dir='ltr' id='par_1_11' title="bbox 230 3274 1013 3356">
     <span class='ocr_line' id='line_1_26' title="bbox 230 3274 1013 3356; baseline 0.003 -20"><span class='ocrx_word' id='word_1_163' title='bbox 230 3274 390 3338; x_wconf 89' lang='lat' dir='ltr'>Caerulus</span> <span class='ocrx_word' id='word_1_164' title='bbox 406 3285 439 3339; x_wconf 94' lang='lat' dir='ltr'>et</span> <span class='ocrx_word' id='word_1_165' title='bbox 454 3277 582 3338; x_wconf 92' lang='lat' dir='ltr'>vultum</span> <span class='ocrx_word' id='word_1_166' title='bbox 599 3275 770 3356; x_wconf 88' lang='lat' dir='ltr'>ferrugine</span> <span class='ocrx_word' id='word_1_167' title='bbox 788 3275 926 3338; x_wconf 92' lang='lat' dir='ltr'>Lucifer</span> <span class='ocrx_word' id='word_1_168' title='bbox 941 3284 1013 3338; x_wconf 90' lang='lat' dir='ltr'>atra</span> 
     </span>
    </p>
   </div>
   <div class='ocr_carea' id='block_1_4' title="bbox 150 3435 1180 3913">
    <p class='ocr_par' dir='ltr' id='par_1_12' title="bbox 268 3435 1178 3510">
     <span class='ocr_line' id='line_1_27' title="bbox 268 3435 1178 3510; baseline 0.003 -27"><span class='ocrx_word' id='word_1_169' title='bbox 268 3447 306 3496; x_wconf 86' lang='lat'>23.</span> <span class='ocrx_word' id='word_1_170' title='bbox 324 3435 428 3485; x_wconf 76' lang='lat' dir='ltr'>iustis:</span> <span class='ocrx_word' id='word_1_171' title='bbox 452 3438 514 3484; x_wconf 89' lang='lat' dir='ltr'>real.</span> <span class='ocrx_word' id='word_1_172' title='bbox 544 3447 591 3496; x_wconf 86' lang='lat'>&#39;24.</span> <span class='ocrx_word' id='word_1_173' title='bbox 613 3436 771 3498; x_wconf 75' lang='lat' dir='ltr'>Tydidae.</span> <span class='ocrx_word' id='word_1_174' title='bbox 790 3471 795 3483; x_wconf 89' lang='lat'>.</span> <span class='ocrx_word' id='word_1_175' title='bbox 813 3471 818 3482; x_wconf 92' lang='lat'><strong>.</strong></span> <span class='ocrx_word' id='word_1_176' title='bbox 833 3435 936 3484; x_wconf 75' lang='lat' dir='ltr'>hasta:</span> <span class='ocrx_word' id='word_1_177' title='bbox 961 3437 999 3510; x_wconf 69' lang='lat' dir='ltr'>rh&lt;</span> <span class='ocrx_word' id='word_1_178' title='bbox 1019 3438 1178 3500; x_wconf 84' lang='lat' dir='ltr'>Calydonian</span> 
     </span>
    </p>

    <p class='ocr_par' dir='ltr' id='par_1_13' title="bbox 228 3519 1180 3586">
     <span class='ocr_line' id='line_1_28' title="bbox 228 3519 1180 3586; baseline 0.006 -21"><span class='ocrx_word' id='word_1_179' title='bbox 228 3525 301 3581; x_wconf 80' lang='lat' dir='ltr'>spear</span> <span class='ocrx_word' id='word_1_180' title='bbox 315 3521 346 3586; x_wconf 84' lang='lat' dir='ltr'>of</span> <span class='ocrx_word' id='word_1_181' title='bbox 356 3520 394 3566; x_wconf 76' lang='lat' dir='ltr'>the</span> <span class='ocrx_word' id='word_1_182' title='bbox 405 3536 449 3568; x_wconf 84' lang='lat' dir='ltr'>son</span> <span class='ocrx_word' id='word_1_183' title='bbox 461 3521 493 3585; x_wconf 77' lang='lat' dir='ltr'>os</span> <span class='ocrx_word' id='word_1_184' title='bbox 500 3520 604 3582; x_wconf 79' lang='lat' dir='ltr'>Tydeus.</span> <span class='ocrx_word' id='word_1_185' title='bbox 649 3520 687 3567; x_wconf 87' lang='lat'>26.</span> <span class='ocrx_word' id='word_1_186' title='bbox 705 3522 823 3568; x_wconf 86' lang='lat' dir='ltr'>natum:</span> <span class='ocrx_word' id='word_1_187' title='bbox 844 3519 883 3567; x_wconf 92' lang='lat' dir='ltr'>i.e.</span> <span class='ocrx_word' id='word_1_188' title='bbox 895 3520 1004 3568; x_wconf 84' lang='lat' dir='ltr'>Aeneas.</span> <span class='ocrx_word' id='word_1_189' title='bbox 1039 3532 1078 3584; x_wconf 88' lang='lat'>27.</span> <span class='ocrx_word' id='word_1_190' title='bbox 1096 3522 1180 3570; x_wconf 78' lang='lat' dir='ltr'>sedis</span> 
     </span>
    </p>

    <p class='ocr_par' dir='ltr' id='par_1_14' title="bbox 150 3601 1178 3664">
     <span class='ocr_line' id='line_1_29' title="bbox 150 3601 1178 3664; baseline 0.002 -14"><span class='ocrx_word' id='word_1_191' title='bbox 150 3644 153 3651; x_wconf 94' lang='lat'>.</span> <span class='ocrx_word' id='word_1_192' title='bbox 228 3601 384 3650; x_wconf 77' lang='lat' dir='ltr'>silentum:</span> <span class='ocrx_word' id='word_1_193' title='bbox 412 3603 452 3651; x_wconf 82' lang='lat' dir='ltr'>ie.</span> <span class='ocrx_word' id='word_1_194' title='bbox 467 3602 510 3650; x_wconf 87' lang='lat' dir='ltr'>the</span> <span class='ocrx_word' id='word_1_195' title='bbox 527 3602 603 3650; x_wconf 90' lang='lat' dir='ltr'>lower</span> <span class='ocrx_word' id='word_1_196' title='bbox 623 3602 711 3650; x_wconf 91' lang='lat' dir='ltr'>world.</span> <span class='ocrx_word' id='word_1_197' title='bbox 754 3614 793 3664; x_wconf 87' lang='lat'>33.</span> <span class='ocrx_word' id='word_1_198' title='bbox 817 3602 1001 3651; x_wconf 72' lang='lat' dir='ltr'>sacerdotis:</span> <span class='ocrx_word' id='word_1_199' title='bbox 1021 3603 1080 3651; x_wconf 87' lang='lat' dir='ltr'>with</span> <span class='ocrx_word' id='word_1_200' title='bbox 1099 3605 1178 3662; x_wconf 85' lang='lat' dir='ltr'>caede,</span> 
     </span>
    </p>

    <p class='ocr_par' dir='ltr' id='par_1_15' title="bbox 228 3683 1178 3749">
     <span class='ocr_line' id='line_1_30' title="bbox 228 3683 1178 3749; baseline 0.003 -18"><span class='ocrx_word' id='word_1_201' title='bbox 228 3683 351 3746; x_wconf 86' lang='lat' dir='ltr'>referring</span> <span class='ocrx_word' id='word_1_202' title='bbox 366 3692 393 3733; x_wconf 95' lang='lat' dir='ltr'>to</span> <span class='ocrx_word' id='word_1_203' title='bbox 410 3685 509 3734; x_wconf 90' lang='lat' dir='ltr'>Caesar.</span> <span class='ocrx_word' id='word_1_204' title='bbox 543 3697 582 3749; x_wconf 83' lang='lat'>35.</span> <span class='ocrx_word' id='word_1_205' title='bbox 605 3685 695 3734; x_wconf 84' lang='lat' dir='ltr'>lacit:</span> <span class='ocrx_word' id='word_1_206' title='bbox 720 3692 804 3734; x_wconf 75' lang='lat' dir='ltr'>utters.</span> <span class='ocrx_word' id='word_1_207' title='bbox 839 3685 878 3746; x_wconf 86' lang='lat'>36.</span> <span class='ocrx_word' id='word_1_208' title='bbox 902 3697 1053 3734; x_wconf 75' lang='lat' dir='ltr'>sororumr</span> <span class='ocrx_word' id='word_1_209' title='bbox 1077 3687 1116 3735; x_wconf 92' lang='lat' dir='ltr'>i.e.</span> <span class='ocrx_word' id='word_1_210' title='bbox 1135 3685 1178 3734; x_wconf 88' lang='lat' dir='ltr'>the</span> 
     </span>
    </p>

    <p class='ocr_par' dir='ltr' id='par_1_16' title="bbox 228 3766 1177 3913">
     <span class='ocr_line' id='line_1_31' title="bbox 229 3766 1177 3832; baseline 0.004 -19"><span class='ocrx_word' id='word_1_211' title='bbox 229 3767 312 3815; x_wconf 86' lang='lat' dir='ltr'>Fates.</span> <span class='ocrx_word' id='word_1_212' title='bbox 338 3766 376 3829; x_wconf 84' lang='lat'>38.</span> <span class='ocrx_word' id='word_1_213' title='bbox 397 3767 508 3817; x_wconf 81' lang='lat' dir='ltr'>ierunt:</span> <span class='ocrx_word' id='word_1_214' title='bbox 528 3767 583 3830; x_wconf 82' lang='lat' dir='ltr'>they</span> <span class='ocrx_word' id='word_1_215' title='bbox 597 3767 893 3830; x_wconf 78' lang='lat' dir='ltr'>say.-0repitantia:</span> <span class='ocrx_word' id='word_1_216' title='bbox 919 3768 1039 3832; x_wconf 80' lang='lat' dir='ltr'>clashing.</span> <span class='ocrx_word' id='word_1_217' title='bbox 1055 3781 1112 3829; x_wconf 80' lang='lat'><em>,41.</em></span> <span class='ocrx_word' id='word_1_218' title='bbox 1135 3768 1177 3818; x_wconf 89' lang='lat' dir='ltr'>lu·</span> 
     </span>
     <span class='ocr_line' id='line_1_32' title="bbox 228 3848 840 3913; baseline 0.002 -15"><span class='ocrx_word' id='word_1_219' title='bbox 228 3848 310 3898; x_wconf 64' lang='lat' dir='ltr'>fidat</span> <span class='ocrx_word' id='word_1_220' title='bbox 326 3849 432 3913; x_wconf 76' lang='lat' dir='ltr'>ghastly.</span> <span class='ocrx_word' id='word_1_221' title='bbox 460 3851 675 3912; x_wconf 75' lang='lat' dir='ltr'>44fenuglno:</span> <span class='ocrx_word' id='word_1_222' title='bbox 701 3851 840 3900; x_wconf 76' lang='lat' dir='ltr'>rust-color.</span> 
     </span>
    </p>
   </div>
   <div class='ocr_carea' id='block_1_5' title="bbox 0 21 1504 4386">
    <p class='ocr_par' dir='ltr' id='par_1_17' title="bbox 0 21 1504 4386">
     <span class='ocr_line' id='line_1_33' title="bbox 0 21 1504 4386; baseline 0 0"><span class='ocrx_word' id='word_1_223' title='bbox 0 21 1504 4386; x_wconf 95' lang='lat' dir='ltr'> </span> 
     </span>
    </p>
   </div>
  </div>
 </body>
</html>
