2996 4384
211 291 216 305 “
311 281 355 352 86
515 291 766 382 SEBECTIONS
797 292 915 349 FROM
946 290 1050 349 OVID

308 475 458 540 nituntur
473 475 574 560 longo
589 475 729 557 vestigia
746 491 877 570 ponere
886 476 980 540 clivo.
1287 511 1319 560 70

351 589 497 654 Tantum
517 587 656 652 aberant
680 607 809 651 summo
831 593 992 670 quantum
1012 588 1115 652 semel
1139 587 1186 653 ire
1211 608 1259 652 sa-

394 700 478 783 gitta

307 812 407 876 missa
424 821 544 895 potest,
561 813 681 876 flexere
698 813 812 876 oculos
827 822 861 876 et
877 833 986 876 mersa
1003 813 1125 895 palude

246 999 249 1004 .
307 935 418 990 cetera
434 925 650 1008 prospiciunt,
667 934 796 988 tantum
814 946 873 988 sua
889 935 979 989 tecta
994 946 1137 989 manere.

308 1038 466 1121 Dumque
482 1057 522 1100 ea
538 1038 707 1113 mirantur,
724 1037 803 1100 dum
821 1037 946 1101 deflent
961 1038 1032 1100 fata
1048 1058 1191 1113 suorum,

307 1150 362 1214 illa
377 1160 473 1214 vetus
489 1149 632 1213 dominis
647 1149 747 1213 etiam
765 1169 842 1213 casa
858 1169 961 1232 parva
977 1148 1107 1214 duobus
1286 1163 1317 1216 75

306 1262 445 1326 vertitur
461 1262 495 1326 in
510 1261 694 1345 templum;
718 1262 832 1326 furcas
849 1261 980 1326 subiere
996 1247 1179 1339 columnae,
1208 1313 1210 1318 ,

308 1375 468 1438 stramina
483 1375 676 1451 flavescunt,
694 1384 876 1457 aurataque
893 1383 982 1438 tecta
998 1374 1159 1449 videntur,

308 1487 521 1570 caelataeque
537 1488 627 1551 fores
644 1487 870 1569 adopertaque
887 1507 1050 1550 marmore
1066 1487 1172 1550 tellus.

308 1600 404 1663 Talia
418 1610 489 1663 tum
506 1599 637 1682 placido
654 1600 829 1664 Saturnius
846 1599 950 1663 edidit
965 1619 1040 1662 ore:

310 1718 328 1745 “
341 1712 459 1788 Dicite,
477 1711 562 1778 iuste
578 1731 688 1789 senex,
706 1721 740 1774 et
755 1711 882 1775 femina
898 1711 1040 1793 coniuge
1056 1709 1142 1774 iusto
1286 1713 1318 1764 80

308 1824 419 1907 digna,
437 1823 515 1907 quid
532 1823 686 1906 optetis.’'
733 1825 817 1888 Cum
836 1823 982 1887 Baucide
998 1843 1106 1906 pauca
1122 1824 1251 1887 locutus
1341 1805 1346 1818 ’

308 1935 465 2000 iudicium
482 1937 611 2019 superis
628 1936 736 2019 aperit
752 1957 929 2001 commune
947 1936 1139 2000 Philemon:
1170 1938 1173 1943 ’

310 2050 423 2112 “Esse
440 2049 630 2114 sacerdotes
643 2049 846 2132 delubraque
861 2059 973 2112 vestra
990 2050 1075 2113 tueri
1224 2125 1228 2134 Ι

308 2161 485 2244 poscimus.
534 2141 579 2226 Et
594 2161 750 2244 quoniam
766 2162 940 2254 concordis
956 2161 1086 2245 egimus
1102 2182 1217 2237 annos,

220 2312 223 2321 ·
307 2275 439 2348 auferat
455 2275 536 2337 hora
552 2275 635 2337 duos
650 2274 778 2338 eadem.
826 2275 898 2339 Nec
914 2274 1065 2356 coniugis
1082 2294 1239 2356 umquam
1285 2272 1342 2338 85,

306 2386 406 2450 busta
422 2407 516 2450 meae
531 2387 673 2463 videam,
691 2407 756 2450 neu
772 2386 834 2450 sim
850 2387 1065 2450 tumulandus
1080 2386 1123 2450 ab
1139 2386 1225 2450 illa.”
1250 2442 1253 2447 .

351 2500 439 2563 Vota
455 2499 537 2562 fides
554 2499 710 2582 sequitur.
757 2499 891 2583 Templi
907 2499 1011 2564 tutela
1027 2500 1131 2576 fuere,

1475 319 1477 354 r

1476 439 1478 508 l

1419 579 1423 586 ’

210 2657 213 2662 -
307 2611 412 2674 donec
428 2612 496 2674 vita
511 2612 590 2675 data
605 2621 665 2676 est.
712 2611 823 2676 Annis
840 2632 988 2694 aevoque
1004 2612 1104 2676 soluti

307 2732 385 2787 ante
401 2724 524 2806 gradus
540 2745 652 2788 saeros
668 2731 748 2788 cum'
761 2734 887 2788 starent
903 2725 990 2789 forte
1006 2725 1136 2807 locique

308 2846 482 2901 narrarent
497 2856 604 2913 casus,
621 2836 779 2900 frondere
797 2837 991 2900 Philemona
1010 2837 1140 2912 Baucis,
1191 2886 1197 2902 .
1285 2851 1374 2914 ρον

310 2948 457 3012 Baucida
472 2948 644 3030 conspexit
660 2947 771 3012 senior
786 2949 942 3013 frondere
960 2931 1140 3012 Philemon.
1289 2903 1360 3012 ‘io
1401 2955 1416 3040 ’,Ι

309 3060 448 3142 Iamque
464 3080 565 3142 super
580 3060 731 3142 geminos
747 3071 918 3125 crescente
934 3062 1107 3125 cacumine
1122 3060 1233 3123 vultus

292 3182 431 3267 mutua,
449 3173 528 3236 dum
543 3173 645 3249 licuit,
662 3173 846 3236 reddebant
862 3173 959 3250 dicta,
979 3179 997 3207 “
1008 3172 1092 3238 Vale
1103 3173 1121 3197 ’'
1139 3193 1204 3254 que

308 3285 369 3350 “O
386 3285 558 3361 coniunx,''
577 3285 687 3349 dixere
703 3286 810 3362 simul,
828 3285 925 3350 simul
941 3286 1053 3350 abdita
1068 3285 1150 3349 texit

307 3419 365 3460 ora
380 3398 499 3461 frutex,
546 3398 704 3463 Ostendit
720 3399 829 3462 adhuc
845 3398 1043 3462 Thimnetus
1058 3397 1124 3461 illic
1286 3419 1317 3472 os

307 3510 414 3573 incola
429 3510 472 3573 de
488 3512 622 3592 gemino
638 3510 765 3574 vicinos
781 3495 920 3592 corpore
936 3520 1082 3574 truncos.
1323 3494 1328 3502 ⁸

308 3623 404 3686 Haec
421 3622 501 3684 mihi
517 3643 584 3686 non
600 3622 678 3684 vani
688 3620 813 3704 (neque
830 3632 901 3686 erat
913 3635 972 3686 cur
987 3623 1105 3686 fallere
1120 3620 1260 3705 vellent)

307 3755 483 3798 narravere
499 3755 605 3798 senes.
654 3735 817 3819 Equidem
835 3734 1016 3824 pendentia
1031 3734 1099 3798 vidi
