2988 4388
267 342 315 415 74
478 335 728 394 SELECTIONS
759 335 875 393 FROM
907 336 1011 394 OVID

401 661 506 732 xiv.
542 661 710 752 Jnson
738 661 856 728 nun
888 659 1087 730 munna

312 860 451 940 Iamque
461 859 583 921 fretum
596 859 732 943 Minyae
745 860 913 940 Pagasaea
924 878 1037 940 puppe
1048 857 1215 930 secabant,

267 979 496 1053 perpetuaque
511 972 648 1034 trahens
665 972 798 1052 inopem
816 972 877 1034 sub
894 979 991 1034 nocte
1008 980 1176 1034 senectam

268 1083 413 1147 Phineus
428 1085 519 1146 visus
535 1091 614 1158 erat,
631 1085 836 1165 iuvenesque
852 1083 1022 1165 Aquilone
1038 1085 1140 1146 creati

265 1195 433 1276 virgineas
451 1196 602 1259 volucres
619 1195 729 1258 misen'
746 1196 835 1258 senis
850 1217 906 1259 ore
923 1196 1090 1276 fugarant,

266 1309 435 1390 multaque
452 1307 602 1390 perpessi
618 1309 707 1371 claro
725 1309 786 1372 sub
806 1309 924 1371 Iasone
941 1308 1076 1370 tandem
1260 1329 1274 1382 5

265 1421 475 1501 contigerant
491 1421 624 1503 rapidas
640 1421 748 1484 limosi
765 1421 914 1483 Phasidis
932 1421 1046 1483 undas.

312 1533 468 1614 Dumque
492 1534 616 1596 adeunt
647 1553 759 1615 regem
787 1532 991 1616 Phrixeaque
1013 1533 1137 1596 vellera
1160 1554 1215 1616 po

353 1655 460 1720 scunt,

266 1757 383 1838 lexque
399 1758 497 1819 datur
514 1757 638 1842 Minyis
655 1778 852 1839 magnorum
870 1759 1035 1821 horrenda
1055 1758 1212 1833 laborum,

73 1882 163 1928 Medea
266 1869 411 1950 concipit
426 1869 551 1933 interea
566 1871 693 1934 validos
710 1871 848 1933 Aeetias
865 1870 960 1951 ignis,

73 1958 186 2003 becomes
480 1984 486 1996 ‚
599 1970 602 1976 -
774 1983 780 1996 ι

73 2033 220 2078 enamouren
266 1992 300 2044 et
316 1983 438 2044 luctata
455 1984 511 2044 diu
527 1993 703 2065 postquam
720 1992 846 2046 ratione
863 1984 1007 2046 furorem
1244 2009 1273 2046 10

73 2105 99 2190 or
265 2095 398 2156 vincere
414 2115 480 2156 non
497 2104 636 2176 poterat,
655 2101 672 2128 “
686 2097 830 2172 Frustra,
850 2096 980 2171 Medea,
998 2116 1184 2177 repugnas;

73 2181 124 2225 inm
349 2207 355 2218 .
453 2207 459 2219 .
738 2209 755 2233 ,‚
807 2210 813 2221 .
966 2208 972 2220 .
1177 2208 1212 2222 ..

266 2226 378 2269 nescio
406 2228 478 2288 qu1s
505 2208 587 2270 deus
615 2208 734 2285 obstat,
785 2218 838 2271 art.
894 2209 1124 2290 “M1rumque,
1152 2228 1215 2270 n1sr

353 2319 415 2381 hoc
439 2328 490 2382 est

146 2432 148 2436 ’
264 2439 322 2493 aut
338 2431 460 2512 aliquid
477 2442 566 2495 certe
584 2433 689 2496 simile
706 2434 781 2496 huic
799 2434 887 2515 quod
904 2454 1015 2497 amare
1031 2444 1176 2498 vocatur.

266 2544 354 2605 Nam
371 2564 429 2606 cur
445 2545 534 2606 iussa
550 2547 653 2632 patris
670 2546 808 2633 nimium
826 2547 906 2608 mihi
922 2548 1004 2609 dura
1020 2547 1196 2609 videntur?

264 2655 351 2719 Sunt
374 2677 505 2738 quoque
528 2659 610 2720 dura
633 2659 740 2721 nimis
788 2660 856 2723 Cur
879 2680 978 2741 quem
1002 2660 1101 2722 modo
1125 2658 1214 2722 deni-

351 2789 415 2849 que
432 2769 507 2844 vidi,
1243 2797 1272 2850 15

264 2900 306 2942 ne
323 2889 438 2960 pereat
454 2881 576 2944 timeo?
623 2882 719 2964 Quae
736 2885 820 2946 tanti
836 2905 936 2947 causa
952 2884 1100 2947 timoris?

241 3010 243 3014 ’
309 2993 465 3055 “Excute
481 2995 629 3074 virgineo
646 3006 825 3077 conceptas
843 3007 977 3078 pectore
993 2997 1153 3070 flammas,

263 3104 290 3166 si
307 3113 411 3184 potes,
429 3104 553 3168 infelix.
601 3107 637 3171 Si
654 3127 794 3187 possem,
813 3109 922 3171 sanior
938 3129 1055 3172 essem.

264 3215 331 3279 Sed
347 3228 464 3297 gravat
479 3219 617 3281 invitam
634 3240 721 3281 nova
736 3220 806 3294 vis;
831 3221 985 3303 aliudque
1002 3221 1132 3302 cupid0,

263 3348 358 3390 mens
375 3331 464 3392 aliud
482 3332 606 3394 suadet.
655 3333 762 3396 Video
780 3333 913 3396 meliora
930 3333 1109 3415 proboque,

262 3441 425 3504 deteriora
443 3459 570 3524 sequor.
618 3437 708 3526 Quid
725 3446 758 3507 in
775 3445 914 3526 hospite,
932 3433 1024 3526 regia
1039 3447 1142 3526 virgo,

263 3556 371 3616 ureris·
384 3564 416 3617 et
432 3556 597 3619 thalamos
614 3558 712 3620 alieni
728 3559 875 3639 concipis
892 3559 1002 3620 orbis?

264 3667 360 3729 Haec
382 3688 513 3749 quoque
532 3678 620 3732 terra
640 3679 750 3755 potest
767 3671 856 3758 quod
875 3691 966 3733 ames
986 3671 1074 3733 dare.
1114 3671 1215 3734 Vivat

350 3779 463 3843 anille
