925 1265
319 162 382 177 CERES
396 162 441 177 AND
456 162 582 177 PROSERPINA
662 163 684 181 59

207 208 275 224 nomine
284 209 351 229 Pergus,
360 213 417 229 aquae.
441 208 480 224 Non
489 208 517 224 illo
525 208 573 229 plura
581 208 661 229 Caystros

207 236 282 252 earmina
290 241 381 258 cycnorum
389 236 484 252 labentibus
492 236 538 252 audit
545 236 562 252 in
571 236 624 252 undis.

207 264 253 281 Silva
261 267 329 280 coronat
338 269 390 285 aquas
397 264 467 285 cingens
476 265 519 280 latus
527 269 581 283 omne,
590 264 658 284 suisque

207 293 295 309 frondibus
303 295 321 308 ut
329 293 366 309 velo
375 293 461 309 Phoebeos
470 293 557 308 submovet
565 293 612 308 ictus.

178 327 193 340 50
207 321 278 341 Frigora
285 321 326 336 dant
334 321 380 340 rarni,
389 320 444 336 varios
452 321 512 336 hun-ius
521 320 577 336 umida
585 320 643 340 flores:

206 351 307 370 perpetuum
315 354 344 365 ver
352 351 382 365 est.
406 349 445 370 Quo
453 349 492 365 dum
502 349 602 370 Proserpina
610 349 647 365 luco
693 347 731 360 *¹⁰²⁰

207 377 248 393 ludit
256 380 273 393 et
281 379 310 393 aut
318 377 370 393 violas
378 380 407 393 aut
415 377 487 393 candida
496 377 530 393 lilia
537 377 595 398 carpit,
692 385 767 400 m

206 405 279 426 dumque
288 405 357 426 puellari
366 405 421 421 studio
430 405 538 426 calathosque
546 406 634 426 sinumque

206 433 264 454 implet
272 436 289 449 et
297 433 371 454 aequalis
379 436 431 449 certat
442 439 522 454 superare
530 433 607 454 legendo,

177 468 192 481 55
206 466 259 482 paene
267 461 317 477 simul
325 461 360 477 visa
368 464 394 477 est
402 462 495 482 dilectaque
505 464 586 482 raptaque
595 461 630 477 Diti
637 467 640 480 ;

391 740 447 749 smum:
455 740 473 749 op
481 740 562 749 mossarum

453 766 500 778 [Renes]

206 804 258 820 usque
264 799 306 815 adeo
312 802 338 815 est
345 802 443 820 properatus
450 805 500 815 amor.
513 800 550 815 Dea
555 800 613 815 territa
620 802 685 815 maesto

205 829 222 843 et
230 829 300 843 matrem
308 830 325 843 et
333 828 407 846 comites,
417 828 447 843 sed
455 830 525 843 matrem
535 827 606 848 saepius¹
615 833 644 843 ore

206 855 275 874 clamat;
288 858 305 871 et
313 858 331 871 ut
339 860 405 871 summa
413 858 477 871 vestem
485 856 556 871 laniarat
564 856 585 872 ab
593 861 627 875 ora,

206 883 277 899 conlecti
285 883 334 899 flores
342 884 403 899 tunicis
411 883 486 900 cecidere
494 884 572 901 remissis.

177 915 193 928 6⁰
206 912 295 932 Tantaque
304 911 401 932 simplicitas
410 912 501 932 puerilibus
510 912 565 927 adfuit
573 912 625 931 annis,

207 940 248 955 haec
257 944 323 960 quoque
331 939 425 960 virgineum
434 940 484 955 movit
493 940 556 955 iactura
564 940 642 956 dolorem.

208 968 272 988 Raptor
280 968 315 988 agit
323 972 381 983 currus
389 970 406 983 et
414 968 481 983 nomine
490 973 573 988 quemque
581 968 657 984 vocando

207 996 305 1012 exhortatur
312 1001 369 1016 equos,
378 1001 447 1016 quorurn
457 1001 486 1016 per
494 996 537 1012 colla
545 996 626 1017 iubasque

208 1024 270 1040 excutit
279 1024 350 1040 obscura
358 1024 418 1039 tinctas
427 1024 511 1044 ferrugine
519 1024 598 1040 habenas.
