2996 4384
323 308 389 370 112
528 300 778 360 SELECTIONS
808 300 924 360 FROM
956 301 1060 360 OVID

393 614 540 687 XXVI.
576 615 696 687 THE
726 615 1091 688 DEIFICATION
1121 617 1190 688 OF

658 733 932 804 ROMULUS

125 938 194 997 Why
318 929 470 993 Proxima
487 930 541 992 lux
556 951 662 994 vacua
677 940 737 1007 est,
755 941 789 994 at
804 931 900 995 tertia
916 931 1004 995 dicta
1021 931 1169 1014 Quirino.

125 1013 243 1148 affin,
362 1041 429 1124 Qui
444 1052 534 1107 tenet
550 1043 612 1107 hoc
629 1064 759 1120 nomen,
779 1045 942 1107 Romulus
958 1053 1035 1108 ante
1051 1044 1122 1108 fuit.

319 1154 396 1219 Sive
412 1155 501 1238 quod
518 1156 613 1219 hasta
629 1156 716 1219 curis
733 1157 850 1238 priscis
866 1167 917 1221 est
932 1156 1020 1220 dicta
1037 1157 1179 1234 Sabinis,

361 1267 499 1332 bellicus
515 1288 534 1330 a
550 1269 616 1332 telo
632 1270 723 1333 venit
738 1269 772 1331 in
789 1279 877 1332 astra
893 1269 994 1344 deus;
1033 1347 1036 1353 ι
1157 1327 1158 1330 ,

318 1381 387 1444 sive
404 1401 463 1443 suo
479 1381 550 1462 regi
566 1402 687 1445 nomen
704 1402 845 1463 posuere
862 1383 1027 1464 Quirites;
1310 1400 1324 1452 5

362 1513 420 1557 seu
437 1494 514 1577 quia
532 1495 692 1557 Romanis
708 1496 858 1559 iunxerat
873 1495 928 1559 ille
945 1495 1050 1560 Curis.

127 1616 197 1662 uns
260 1637 264 1640 ·
320 1606 408 1668 Nam
425 1616 520 1687 pater
532 1607 735 1688 armipotens
752 1617 929 1691 postquam
941 1629 1028 1672 nova
1044 1609 1175 1672 moenia
1186 1608 1267 1673 vidit

126 1691 214 1810 {¹53⁸
362 1720 531 1802 multaque
550 1720 713 1783 Romulea
728 1719 815 1784 bella
831 1730 966 1802 peracta
983 1741 1092 1797 manu,

126 1840 227 1899 Jupiter
288 1854 290 1864 ·
320 1838 338 1865 “
350 1832 532 1914 Iuppiter,'’
549 1832 663 1915 inquit,
684 1832 815 1908 f‘habet
835 1834 987 1896 Romana
1006 1833 1154 1915 potentia
1169 1836 1247 1898 viris
1258 1854 1266 1910 ;

363 1945 533 2027 sanguinis
549 1944 657 2008 officio
673 1965 740 2007 non
756 1954 832 2026 eget
848 1945 904 2008 illa
920 1947 993 2009 mei.
1297 1966 1325 2000 10

321 2058 437 2121 Redde
453 2058 539 2139 patri
554 2066 679 2120 natum.
715 2057 877 2139 Quamvis
892 2058 1058 2122 intercidit
1073 2060 1164 2135 alter,

363 2191 423 2252 pro
439 2191 474 2234 se
491 2190 617 2253 proque
635 2171 751 2246 Remo,
769 2171 824 2253 qui
841 2170 921 2233 mihi
937 2180 1047 2248 restat,
1065 2173 1135 2235 erit.

320 2285 437 2348 ‘Unus
453 2283 514 2346 erit
530 2285 628 2366 quem
645 2292 681 2345 tu
694 2283 790 2346 tolles
806 2284 840 2345 in
856 2284 988 2347 caerula
1003 2285 1106 2360 caeli‚’

362 2405 397 2458 tu
414 2395 494 2457 mihi
510 2391 629 2470 dixisti.
676 2395 749 2460 Sint
765 2405 836 2459 rata
852 2395 940 2460 dicta
957 2396 1077 2460 Iovis.'’
1184 2448 1187 2452 .

320 2509 472 2589 Iuppiter
486 2491 656 2585 adnuerat.
705 2508 799 2571 Nutu
815 2509 1030 2572 tremefactus
1046 2519 1185 2592 uterque
1298 2527 1327 2582 Ι5

362 2629 412 2683 est
428 2621 584 2701 polus-et
602 2620 684 2682 caeli
701 2619 849 2700 pondera
865 2621 956 2684 novit
972 2621 1080 2684 Atlas.

320 2733 381 2796 Est
398 2733 498 2808 locus,
517 2731 643 2814 antiqui
660 2731 810 2814 Capreae
827 2733 937 2797 dixere
953 2734 1128 2815 paludem,

362 2845 448 2908 forte
464 2844 528 2908 tuis
545 2844 619 2920 illic,
640 2845 790 2922 Romule,
807 2847 879 2909 iura
895 2845 1006 2909 dabas.

126 2954 246 3000 ¹³⁰11¹¹¹¹¹¹⁸
319 2958 377 3022 Sol
393 2958 489 3039 fugit,
506 2967 540 3021 et
555 2967 726 3021 removent
742 2958 916 3021 subeuntia
931 2959 1045 3022 nubila
1061 2960 1199 3036 caelum,

126 3030 273 3086 disappears
495 3071 501 3083 ,
628 3069 634 3082 .
733 3071 739 3083 .
768 3070 774 3083 .
807 3070 814 3083 .
995 3071 1001 3084 .

361 3079 394 3133 et
410 3090 521 3151 gravis
536 3069 653 3134 effusis
670 3070 791 3134 decrdrt
806 3070 911 3134 imber
926 3091 1029 3154 aquis.
1296 3087 1327 3123 20

320 3183 409 3247 Hinc
426 3193 528 3261 tonat,
545 3183 621 3266 hinc
638 3185 747 3247 missis
766 3183 973 3268 abrumpitur
991 3167 1123 3265 ignibus
1142 3186 1265 3250 aether.

363 3297 417 3358 Fit
433 3297 524 3378 fuga.
573 3298 646 3360 Rex
662 3296 776 3378 patriis
792 3305 881 3359 astra
898 3295 1031 3377 petebat
1046 3297 1149 3380 equis

320 3411 446 3473 Luctus
462 3419 542 3485 erat,
560 3411 731 3491 falsaeque
748 3419 859 3490 patres
875 3409 908 3471 in
924 3408 1060 3473 crimine
1076 3409 1205 3486 caedis;

362 3522 589 3605 haesissetque
606 3522 723 3584 animis
741 3522 880 3584 forsitan
897 3521 952 3584 illa
967 3521 1060 3602 'fides

319 3635 378 3699 sed
396 3635 553 3698 Proculus
571 3635 689 3715 Longa
706 3633 859 3697 veniebat
878 3633 981 3696 Iulius
998 3632 1097 3710 Alba,
1183 3703 1189 3710 ,
1295 3649 1326 3702 25

364 3749 508 3830 lunaque
524 3745 676 3828 fulgebat
692 3767 753 3811 nec
763 3746 853 3820 ¹facis
871 3766 949 3810 usus
965 3755 1045 3821 erat,
