2988 4388
637 341 764 398 moon
1126 329 1170 422 67

219 526 402 590 Excessere
419 535 543 590 metum
561 546 635 588 mea
650 527 716 588 iam
732 525 829 588 bona.
878 525 1010 606 Fingite
1026 525 1114 588 demi

218 638 294 700 huic
311 638 433 720 aliquid
452 639 576 719 populo
593 646 745 700 natorum
763 657 860 718 posse
877 657 1046 714 meorum;

218 770 284 812 non
301 759 413 813 tamen
431 751 473 813 ad
489 770 665 813 numerum
683 749 815 830 redigar
831 749 972 830 spoliata
989 750 1141 826 duorum,

102 921 104 923 ,
160 871 189 924 55
220 864 369 926 Latonae
386 863 525 926 turbam.
576 862 672 943 Quae
689 871 847 943 quantum
865 861 966 924 distat
981 862 1023 924 ab
1039 863 1143 925 orba?

220 973 359 1036 Infectis
377 983 554 1054 properate
571 971 682 1047 sacris,
701 970 1042 1052 laurumquecapillis

219 1084 365 1166 ponite.’'
415 1086 599 1165 Deponunt
616 1094 649 1146 et
666 1103 760 1146 sacra
776 1083 901 1146 infecta
917 1083 1117 1164 relinquunt,

220 1191 376 1273 quodque
392 1191 477 1266 licet,
495 1192 595 1253 tacito
612 1199 814 1252 venerantur
830 1211 999 1254 murmure
1015 1213 1147 1256 numen.

265 1303 445 1385 Indignata
461 1304 524 1366 dea
540 1312 599 1378 est,
617 1323 813 1385 summoque
829 1304 862 1365 in
879 1305 1001 1368 vertice
1019 1281 1143 1389 Cy'nthi
1190 1308 1288 1355 Latona

160 1428 193 1478 60
219 1415 341 1478 talibus
358 1424 409 1478 est
424 1415 520 1478 dictis
536 1414 671 1495 gemina
687 1435 762 1477 cum
779 1417 871 1495 prole
888 1417 1017 1478 locuta:
1190 1395 1272 1443 angry

221 1528 305 1590 “En
321 1547 385 1609 ego
400 1537 512 1590 vestra
528 1547 658 1608 parens,
675 1526 770 1589 vobis
786 1529 936 1590 animosa
952 1529 1079 1604 creatis,

219 1648 253 1703 et
268 1639 332 1702 nisi
350 1640 479 1716 lunoni,
497 1640 578 1702 nulli
595 1660 729 1702 cessura
744 1640 891 1714 dearum,
926 1699 931 1710 ,

219 1772 262 1813 an
279 1752 342 1815 dea
358 1754 419 1814 sim
436 1752 569 1814 dubitor
579 1773 586 1828 ;
611 1772 737 1834 perque
753 1752 864 1814 omnia
881 1753 1014 1815 saecula
1030 1752 1128 1816 cultis

220 1885 343 1941 arceor,
362 1865 393 1929 O
411 1865 490 1940 nati,
508 1864 572 1927 nisi
587 1885 647 1927 vos
663 1865 862 1939 succurritis,
881 1865 954 1927 aris.

160 1981 191 2048 65
222 1978 295 2040 Nec
311 1977 404 2040 dolor
420 1978 473 2040 hic
490 1978 580 2040 solus
590 1998 598 2052 ;
623 1977 693 2039 diro
709 1977 858 2039 convicia
875 1977 965 2040 facto

220 2089 372 2152 Tantalis
388 2089 517 2165 adiecit,
534 2108 660 2170 vosque
677 2098 733 2150 est.
744 2079 946 2170 postponere
961 2089 1048 2151 natis

219 2222 301 2265 ausa
316 2203 394 2278 suis,
411 2211 444 2266 et
460 2222 513 2264 me
522 2199 627 2284 (quod
642 2201 676 2263 in
692 2200 799 2282 ipsam
816 2201 940 2264 recidat
951 2200 975 2284 !)
990 2202 1104 2264 orbam

219 2314 307 2390 dixit,
326 2324 360 2378 et
375 2314 523 2377 exhibuit
538 2314 686 2395 linguam
704 2313 864 2376 scelerata
880 2315 1083 2394 paternam.”

263 2427 447 2491 Adiectura
464 2446 580 2507 preces
596 2435 667 2488 erat
684 2425 735 2487 his
754 2426 884 2488 Latona
900 2426 1030 2503 relatis;
1190 2437 1239 2483 fler

160 2557 192 2606 70
221 2540 403 2615 “Desine''
429 2539 583 2602 Phoebus
605 2540 659 2614 ait,
684 2543 845 2618 “poenae
866 2557 958 2599 mora
977 2538 1077 2620 longa
1096 2560 1172 2621 que·
1190 2512 1306 2558 children

1190 2598 1257 2633 come

305 2653 386 2715 rella
402 2653 483 2714 est.''
1190 2663 1217 2708 to

221 2763 312 2827 Dixit
328 2764 416 2827 idem
434 2764 586 2839 Phoebe;
611 2761 777 2843 celerique
794 2782 853 2842 per
869 2770 946 2825 aera
962 2763 1059 2844 lapsu
1189 2737 1237 2855 {⁹¹}

219 2876 428 2958 contigerant
443 2876 523 2939 tecti
539 2875 722 2939 Cadmeida
737 2873 881 2937 nubibus
898 2895 1017 2937 arcem.

220 2990 342 3051 Planus
358 2998 430 3052 erat
446 2989 578 3069 lateque
595 2997 713 3068 patens
731 3007 835 3069 prope
852 2989 984 3049 moenia
1000 3007 1148 3068 campus,

219 3100 366 3163 adsiduis
383 3101 534 3181 pulsatus
551 3099 653 3181 equis,
671 3099 728 3161 ubi
744 3099 842 3162 turba
858 3109 1004 3161 rotarum

160 3226 191 3279 75
218 3213 367 3295 duraque
383 3213 545 3276 mollierat
562 3212 727 3276 subiectas
743 3213 869 3294 ungula
885 3211 1030 3293 glaebas.

220 3326 300 3387 Pars
315 3325 359 3388 ibi
375 3325 417 3388 de
434 3335 563 3406 septem
580 3325 700 3406 genitis
717 3325 910 3405 Amphione
926 3324 1022 3386 fortis

218 3438 447 3500 conscendunt
462 3437 496 3499 in
513 3458 626 3519 equos,
643 3437 812 3521 Tyrioque
828 3435 981 3498 rubentia
997 3456 1076 3499 suco

218 3559 313 3631 terga
323 3559 488 3630 premunt,
500 3569 646 3631 auroque
657 3549 767 3631 gravis
784 3548 997 3611 moderantur
1012 3549 1170 3611 habenas.

221 3662 250 3724 E
266 3661 386 3743 quibus
404 3663 567 3737 Ismenus,
585 3661 641 3743 qui
657 3661 754 3724 matri
771 3661 900 3723 sarcina
917 3661 1084 3742 quondam

160 3784 192 3834 80
220 3764 326 3855 prima
343 3794 422 3837 suae
439 3775 558 3849 fuerat,
576 3775 655 3836 dum
672 3784 797 3836 certum
816 3774 918 3836 flectit
934 3773 967 3835 in
984 3773 1096 3837 orbem
