2988 4388
308 295 356 365 42
520 288 770 347 SELECTIONS
800 288 918 346 FROM
949 288 1053 346 OVID

310 470 402 536 Orbe
419 481 590 553 pererrato
604 469 695 554 (quis
711 471 799 535 enim
816 473 1024 554 deprendere
1040 471 1146 553 possit

308 584 400 646 furta
414 583 501 646 Iovis
513 583 542 667 ?)
550 584 715 666 profugus
728 584 935 666 patriamque
951 583 1100 666 iramque
1113 582 1260 665 parentis

308 696 392 759 vitat
407 695 628 778 Agenorides,
647 695 839 778 Phoebique
855 696 990 759 oracula
1005 696 1148 777 supplex

309 809 452 872 consulit
466 817 500 872 et
515 829 601 891 quae
617 810 659 871 sit
674 807 773 872 tellus
789 807 971 872 habitanda
986 807 1130 890 requirit.

311 922 407 985 “Bos
423 921 513 997 tibi‚''
532 920 685 984 Phoebus
701 922 755 995 ait,
771 920 877 983 “solis
894 929 1044 983 occurret
1059 919 1091 982 in
1109 921 1204 997 arvis,

309 1034 436 1096 nullum
453 1053 554 1115 passa
568 1035 684 1113 iugum
700 1033 858 1113 curvique
874 1032 1029 1094 immunis
1045 1031 1154 1095 aratri.

311 1147 387 1209 Hac
403 1146 487 1209 duce
503 1165 603 1227 carpe
618 1144 690 1208 vias
707 1153 740 1207 et
756 1164 822 1226 qua
838 1143 1036 1226 requieverit
1052 1143 1164 1221 herba,

309 1257 441 1320 moenia
456 1258 511 1320 fac
527 1257 653 1321 condas
671 1258 874 1338 Boeotiaque
890 1255 946 1318 illa
960 1257 1110 1319 vocato.''

353 1371 418 1433 Vix
433 1370 519 1433 bene
537 1369 683 1434 Castalio
701 1368 849 1434 Cadmus
865 1368 1085 1432 descenderat
1100 1378 1206 1445 antro,

308 1482 544 1546 incustoditam
560 1481 650 1546 lente
665 1482 757 1545 videt
771 1481 819 1544 ire
834 1482 1010 1545 iuvencam

309 1593 436 1657 nullum
453 1593 577 1658 servitii
593 1594 725 1676 signum
742 1593 871 1656 cervice
887 1601 1068 1673 gerentem.

310 1706 531 1789 Subsequitur
546 1726 728 1789 pressoque
745 1705 824 1787 legit
839 1705 982 1785 vestigia
997 1725 1114 1785 gressu

309 1828 545 1901 auctoremque
560 1820 634 1881 viae
651 1818 822 1881 Phoebum
838 1817 1022 1880 taciturnus
1037 1816 1162 1881 adorat.

311 1931 382 1994 Iam
398 1930 485 1994 vada
500 1931 638 2012 Cephisi
655 1931 875 2012 Panopesque
891 1939 1043 1993 evaserat
1057 1950 1152 2008 arva;

309 2045 369 2107 bos
386 2043 477 2107 stetit
492 2051 525 2106 et
541 2043 661 2106 tollens
677 2042 862 2123 speciosam
879 2041 1034 2106 cornibus
1050 2043 1125 2105 altis

311 2156 353 2219 ad
369 2156 497 2220 caelum
514 2157 659 2218 frontem
676 2154 858 2237 mugitibus
874 2154 1004 2236 impulit
1019 2173 1127 2218 auras.

311 2269 424 2350 Atque
441 2268 486 2330 ita
502 2269 684 2349 respiciens
700 2267 838 2331 comites
854 2287 915 2331 sua
930 2277 1027 2350 terga
1042 2269 1213 2351 sequentis

310 2379 487 2463 procubuit
502 2390 683 2462 teneraque
699 2378 786 2442 latus
802 2381 956 2445 submisit
972 2382 1006 2443 in
1024 2382 1135 2445 herba.

309 2493 457 2558 Cadmus
474 2491 544 2573 agit
559 2492 663 2574 gratis
680 2491 942 2575 peregrinaeque
958 2493 1071 2555 oscula
1086 2502 1195 2558 terrae

310 2606 381 2687 figit
397 2613 430 2668 et
445 2605 578 2686 ignotos
595 2603 717 2667 montis
734 2624 899 2687 agrosque
915 2605 1047 2668 salutat.

310 2718 413 2782 Sacra
430 2715 502 2780 lovi
518 2716 668 2779 facturus
685 2725 774 2794 erat;
799 2716 890 2781 iubet
905 2716 953 2780 ire
969 2716 1136 2782 ministros

309 2839 343 2892 et
359 2838 472 2911 petere
488 2849 507 2892 e
522 2827 605 2892 vivis
621 2828 773 2892 libandas
790 2829 938 2892 fontibus
954 2829 1069 2892 undas.
1088 2807 1092 2814 ’
1182 2853 1186 2860 ·

354 2942 445 3006 Silva
460 2949 556 3004 vetus
573 2941 684 3004 stabat
698 2941 790 3004 nulla
804 2940 927 3004 violata
943 2941 1058 3017 securi,

309 3063 344 3117 et
358 3074 478 3136 specus
493 3054 528 3115 in
544 3053 654 3116 medio
669 3052 772 3134 virgis
788 3072 827 3116 ac
843 3053 965 3117 vimine
981 3052 1115 3129 densus,

309 3165 456 3231 efficiens
472 3165 630 3236 humilem
648 3164 795 3247 lapidum
813 3165 1031 3247 compagibus
1047 3185 1169 3243 arcum,

309 3278 465 3341 uberibus
482 3277 647 3341 fecundus
663 3278 766 3359 aquis,
784 3276 841 3340 ubi
856 3277 1008 3341 c'onditus
1025 3288 1120 3342 antro

311 3391 452 3453 Martius
468 3391 589 3472 anguis
605 3397 677 3452 erat
692 3390 800 3453 cristis
817 3388 1004 3471 praesignis
1019 3399 1053 3452 et
1068 3410 1159 3454 auro.

310 3504 395 3584 Igne
412 3504 536 3566 micant
551 3502 655 3579 oculi;
680 3521 801 3583 corpus
816 3510 922 3564 tumet
938 3522 1036 3566 omne
1051 3522 1200 3580 veneno;
1249 3552 1252 3558 ,

141 3589 276 3636 “emm
308 3625 442 3698 tresque
454 3615 585 3679 vibrant
597 3614 730 3695 linguae
742 3635 749 3691 ;
768 3613 889 3695 triplici
901 3623 991 3676 stant
1002 3614 1118 3678 ordine
1129 3615 1257 3679 dentes.

310 3729 419 3812 Quem
435 3738 614 3811 postquam
631 3726 732 3810 Tyria
748 3727 859 3789 lucum
876 3726 917 3792 de
933 3736 1035 3807 gente
1050 3728 1194 3810 profecti
1288 3753 1319 3806 35
