2988 4388
56 2933 60 2942 ’
118 2921 247 2968 Arethusa

118 2996 252 3042 adulterum

25 3065 30 3080 '
118 3070 193 3116 Ceres
240 3108 243 3112 .

314 356 359 425 62
494 367 744 424 SELECTIONS
774 368 891 424 FROM
923 367 1026 425 OVID

312 550 480 613 Fertilitas
496 559 602 614 terrae
619 551 722 612 latum
738 550 876 631 vulgata
892 571 951 631 per
967 549 1080 613 orbem
1275 564 1320 618 125

309 663 396 726 falsa
411 665 506 726 iacet.
555 663 671 725 Primis
687 672 819 743 segetes
835 662 1019 725 moriuntur
1035 662 1068 724 in
1085 662 1206 736 herbis

309 784 342 838 et
359 775 457 838 modo
473 776 522 838 sol
538 775 668 849 nimius,
686 775 807 836 nimius
824 775 921 837 modo
938 774 1073 855 corripit
1088 772 1193 836 imber
1209 794 1216 850 ;

310 887 483 969 sideraque
499 887 658 968 ventique
673 895 803 961 nocent,
821 886 1003 968 avidaeque
1019 887 1170 949 volucres

309 1000 436 1062 semina
451 999 538 1061 iacta
554 999 679 1079 legunt.
728 998 859 1061 Lolium
876 997 1054 1079 tribulique
1070 997 1214 1080 fatigant

309 1111 453 1175 triticeas
470 1110 586 1174 messis
601 1119 635 1173 et
651 1110 910 1192 inexpugnabile
926 1130 1074 1191 gramen.
1272 1135 1317 1186 130
1406 1113 1421 1124 “

677 2436 798 2474 tuemur
815 2437 891 2475 mow

745 2522 819 2573 (cem)

286 2759 288 2764 ¹
353 2686 440 2748 Tum
457 2691 558 2765 caput
575 2682 664 2745 Eleis
681 2682 846 2763 Alpheias
861 2684 978 2747 extulit
993 2686 1090 2748 undis

310 2797 518 2878 rorantisque
534 2814 646 2858 comas
662 2814 682 2856 a
698 2795 808 2858 fronte
824 2795 963 2859 removit
978 2797 1020 2859 ad
1037 2797 1125 2860 auris

310 2920 410 2992 atque
426 2908 480 2983 ait,
500 2912 518 2939 “
529 2907 560 2970 O
577 2914 647 2969 toto
664 2906 836 2988 quaesitae
851 2907 989 2988 virginis
1006 2908 1086 2972 orbe

309 3031 343 3085 et
358 3021 494 3100 frugum
511 3019 669 3100 genetrix,
687 3018 866 3081 immensos
882 3019 962 3082 siste
978 3020 1116 3095 labores,

310 3152 394 3196 neve
410 3131 469 3194 tibi
485 3130 571 3192 fidae
587 3130 732 3192 violenta
747 3130 889 3194 irascere
905 3132 1030 3194 terrae!
1274 3148 1318 3203 ¹35

309 3246 414 3308 Terra
430 3244 512 3306 nihil
528 3243 656 3317 meruit,
675 3241 847 3324 patuitque
864 3243 966 3306 invita
982 3245 1127 3325 rapinae.

312 3358 385 3420 Nec
401 3376 474 3418 sum
491 3375 551 3436 pro
568 3354 675 3434 patria
691 3354 833 3434 supplex
843 3376 850 3431 ;
875 3357 940 3418 huc
957 3355 1091 3437 hospita
1105 3355 1190 3419 veni.

311 3468 386 3531 Pisa
402 3466 483 3529 mihi
498 3465 605 3548 patria
620 3474 680 3541 est,
698 3474 732 3528 et
748 3465 789 3528 ab
807 3466 903 3530 Elide
918 3467 1069 3531 ducimus
1085 3478 1193 3544 ortus;

311 3580 478 3645 Sicaniam
495 3577 671 3660 peregrina
687 3578 769 3640 colo.
817 3579 884 3642 Sed
900 3580 1023 3660 gratior
1039 3579 1130 3643 omni

310 3695 393 3757 haec
409 3691 490 3753 mihi
505 3699 592 3754 terra
608 3690 679 3753 solo
699 3700 758 3754 est.
807 3691 881 3754 Hos
902 3711 990 3754 nunc
1010 3692 1182 3755 Arethusa
1205 3693 1260 3754 Pe-

396 3803 493 3879 natiS,
1274 3824 1319 3871 ¹40
