2996 4384
424 377 512 434 THE
542 377 689 436 DEATH
719 379 772 435 OF
800 380 1000 439 TIBULLUS
1117 387 1180 436 121

175 578 206 632 25
236 561 353 625 Donec
369 571 467 625 erunt
482 561 579 642 ignes
595 581 757 644 arcusque
774 561 948 645 Cupidinis
965 584 1067 642 arma,

173 703 175 707 ·
277 673 446 737 discentur
461 676 599 749 numeri,
617 674 704 738 culte
720 673 861 752 Tibulle,
878 675 934 739 tui.

235 786 350 850 Gallus
366 795 401 849 et
417 787 594 870 Hesperiis
610 796 644 850 et
660 787 777 850 Gallus
794 796 893 851 notus
912 787 1000 865 Eois,

278 908 311 962 et
327 919 388 962 sua
403 919 479 962 cum
497 898 593 964 Gallo
608 909 688 963 nota
706 899 844 984 Lycoris
860 900 931 964 erit.

236 1012 327 1093 Ergo
343 1032 418 1075 cum
435 1011 553 1088 silices,
570 1032 645 1075 cum
662 1012 745 1075 dens
761 1014 919 1094 patientis
935 1013 1035 1077 aratri

175 1145 207 1195 30
278 1124 460 1207 depereant
475 1143 567 1200 aevu,
585 1125 733 1188 carmina
749 1134 856 1188 morte
873 1136 994 1189 carent.

235 1235 367 1300 Cedant
383 1237 583 1300 carminibus
599 1257 696 1318 reges
712 1257 896 1321 regumque
912 1237 1079 1321 triumphi,

278 1348 377 1412 cedat
390 1359 424 1412 et
439 1350 575 1413 auriferi
591 1349 664 1432 ripa
679 1349 826 1431 benigna
842 1350 937 1431 Tagi.

234 1461 324 1525 Vilia
339 1461 475 1525 miretur
490 1462 620 1543 vulgus.
669 1462 754 1525 Mihi
770 1463 876 1526 flavus
892 1463 1031 1545 Apollo·

279 1574 398 1656 pocula
414 1573 560 1639 Castalia
575 1574 676 1657 plena
691 1574 856 1638 ministret
871 1596 966 1657 aqua,

176 1702 207 1755 35
235 1687 483 1769 sustineamque
498 1706 595 1750 coma
611 1696 814 1751 metuentem
831 1689 958 1769 frigora
974 1697 1137 1772 myrtum;

279 1809 378 1882 atque
394 1799 441 1862 ita
456 1799 595 1863 sollicito
611 1800 734 1863 multus
750 1789 883 1864 amante
899 1801 1000 1883 legar.

236 1912 385 1976 Pascitur
400 1914 434 1975 in
450 1913 533 1976 vivis
549 1913 640 1989 livor,
659 1922 735 1995 post
751 1914 822 1976 fata
838 1913 988 1996 quiescit,

278 2045 355 2088 cum
372 2046 451 2088 suus
467 2045 508 2089 ex
524 2007 645 2088 merito'
657 2045 822 2109 quemque
838 2036 950 2089 tuetur
966 2026 1081 2089 honos.

237 2139 328 2220 Ergo
344 2138 443 2202 etiam
460 2158 535 2202 cum
552 2158 604 2200 me
622 2158 797 2220 supremus
813 2138 964 2202 adederit
979 2138 1076 2220 ignis,
1187 2137 1191 2144 '

177 2268 211 2317 40
278 2251 397 2326 vivam,
416 2271 560 2333 parsque
577 2250 642 2313 mei
659 2251 762 2314 multa
778 2260 948 2333 superstes
964 2251 1035 2316 erit.

640 2474 777 2500 —000—

211 2641 363 2746 XXX.
415 2640 535 2711 THE
574 2640 768 2710 DEATH
808 2640 877 2710 OF
909 2639 1185 2711 TIBULLUS

236 2812 418 2874 Memnona
434 2811 461 2872 si
477 2817 591 2883 mater,
609 2816 714 2871 mater
730 2807 1066 2889 ploravit-Achillem,
1203 2814 1310 2861 sanent

277 2932 311 2986 et
325 2929 468 3003 tangunt
483 2941 623 3001 magnas
639 2919 745 2983 tristia
761 2921 832 2983 fata
847 2920 937 2995 deas,
1203 2887 1318 3011 llluuus

234 3035 351 3099 flebilis
367 3033 531 3115 indignos,
551 3033 698 3114 Elegela
717 3033 808 3095 solve
824 3033 971 3113 capillos.

278 3148 344 3223 Ah,
362 3147 460 3210 nimis
476 3166 516 3209 ex
531 3165 610 3208 vero
626 3165 714 3207 nunc
731 3144 790 3207 tibi
806 3164 928 3207 nomen
944 3142 1024 3206 erit!

192 3265 206 3319 5
235 3260 296 3322 Ille
312 3261 359 3322 tui
374 3268 467 3322 vates
483 3257 602 3339 operis,
620 3265 677 3319 tua
693 3257 793 3331 fama,
811 3255 963 3318 Tibullus

277 3372 371 3434 ardet
387 3373 419 3432 in
436 3378 611 3444 exstructo
630 3389 751 3450 corpus
767 3370 875 3444 inane,
893 3388 984 3448 rogo.

236 3485 334 3559 Ecce,
351 3504 433 3564 puer
449 3484 590 3546 Veneris
606 3482 672 3544 fert
688 3500 905 3562 eversamque
923 3480 1112 3561 pharetram

278 3605 312 3660 et
327 3597 451 3659 fractos
468 3615 564 3658 arcus
580 3603 613 3656 et
628 3595 700 3657 sine
716 3594 789 3657 luce
805 3593 924 3656 facem.

236 3709 362 3790 Aspice
378 3707 529 3771 demissis
546 3716 582 3769 ut
597 3715 651 3770 eat
666 3705 861 3769 miserabilis
877 3705 947 3782 alis,

179 3837 208 3873 10
280 3829 481 3903 pectoraque
496 3819 619 3882 infesta
635 3818 754 3880 tundat
770 3828 886 3900 aperta
902 3838 1011 3882 manu.
