2998 4386
576 360 852 419 arrunoouns
1120 369 1184 440 177

279 545 349 606 “Et
357 545 514 627 quoniam
523 564 645 624 magno
654 545 743 608 ieror
751 564 894 626 aequore
902 544 1069 626 plenaque
1078 545 1186 607 ventis
1204 544 1257 630 sue

233 656 308 719 vela
324 656 419 718 dedi:
444 655 525 718 nihil
541 664 592 718 est
608 666 678 719 toto
691 657 779 739 quod
796 666 922 737 perstet
939 658 972 717 in
990 657 1077 718 orbe.
1203 619 1292 740 pingit

236 770 365 833 Cuncta
381 769 497 844 fluunt,
515 769 688 851 omnisque
701 789 829 849 vagans
847 770 1010 831 formatur
1026 770 1149 849 imago.
1203 769 1274 814 rime

178 909 208 960 50
236 882 317 962 Ipsa
333 901 465 963 quoque
481 881 621 944 adsiduo
637 881 794 944 labuntur
810 890 961 962 tempora
977 891 1068 944 motu

235 1014 302 1056 non
313 1014 409 1057 secus
420 1014 458 1056 ac
469 994 602 1057 fiumen.
638 975 1185 1077 Nequeenimconsistereilurnen,

236 1127 297 1169 nec
314 1106 395 1169 levis
411 1107 491 1169 hora
508 1116 636 1188 potest;
662 1107 720 1170 sed
736 1116 772 1169 ut
788 1107 878 1169 unda
894 1107 1074 1188 impellitur
1087 1106 1185 1180 unda,

236 1229 439 1300 urgeturque
455 1219 581 1282 eadem.
589 1221 743 1282 veniente
760 1229 923 1310 urgetque
940 1219 1093 1300 priorem,

236 1341 388 1412 tempora
404 1333 450 1394 sic
468 1332 604 1412 fugiunt
619 1332 742 1412 pariter
758 1332 948 1412 pariterque
966 1341 1160 1412 sequuntur,

180 1466 209 1519 ⁵5
236 1453 269 1506 et
282 1463 369 1505 nova
382 1454 459 1506 sunt
475 1464 615 1525 semper.
661 1445 749 1506 Nam
763 1444 852 1524 quod
869 1444 932 1506 iuit
948 1452 1026 1505 ante
1039 1443 1188 1505 relictum

324 1565 384 1629 est,

237 1669 339 1749 fitque
378 1669 466 1749 quod
505 1668 594 1730 haud
637 1668 754 1744 iuerat,
795 1678 1030 1749 momentaque
1070 1677 1190 1729 cuncta

324 1790 498 1843 novantur.

282 1893 429 1956 “Cernis
442 1903 475 1954 et
488 1912 641 1955 emensas
658 1893 691 1955 in
708 1893 816 1955 lucem
833 1893 970 1955 tendere
986 1892 1103 1968 noctiS,
1207 1913 1288 1973 night

238 2014 272 2067 et
286 2005 380 2067 iubar
397 2005 459 2068 hoc
476 2005 616 2067 nitidum
633 2006 748 2085 nigrae
765 2006 943 2067 succedere
960 2005 1057 2066 nocti.
1206 1987 1307 2122 mem

241 2118 312 2179 Nec
329 2116 420 2180 color
436 2126 487 2180 est
503 2117 589 2180 idem
607 2119 699 2180 caelo
717 2138 791 2180 curn
809 2118 897 2179 lassa
914 2118 1023 2198 quiete
1174 2141 1177 2146 ¹
1208 2138 1257 2182 anu

179 2242 211 2291 60
239 2238 359 2292 cuncta
375 2229 484 2293 iacent
500 2230 616 2306 media,
634 2250 776 2312 cumque
792 2221 866 2292 albo
885 2230 1022 2291 Lucifer
1037 2230 1103 2290 exit
1208 2212 1289 2345 ἔξω

182 2370 185 2374 ’
239 2342 347 2404 clarus
363 2361 468 2423 equo;
493 2362 673 2422 rursusque
689 2343 784 2417 alius,
802 2362 876 2404 curn
891 2342 1026 2421 praevia
1043 2340 1124 2402 lucis

239 2454 438 2517 tradendum
456 2454 591 2517 Phoebo
608 2455 788 2516 Pallantias
804 2455 907 2516 inficit
924 2452 1046 2515 orbem.

241 2566 318 2646 lpse
334 2567 387 2630 dei
404 2566 529 2646 clipeus
545 2575 633 2628 terra
649 2587 722 2629 curn
741 2567 866 2629 tollitur
881 2567 957 2641 ima,

239 2698 337 2741 mane
353 2678 458 2753 rubet,
475 2688 629 2760 terraque
645 2678 741 2740 rubet
757 2699 832 2740 curn
849 2678 1002 2741 conditur
1017 2678 1102 2751 ima;

180 2801 212 2866 65
239 2791 400 2853 candidus
416 2790 450 2853 in
467 2811 596 2853 summo
609 2800 668 2865 est,
686 2790 802 2853 melior
817 2800 936 2853 natura
952 2790 1040 2871 quod
1056 2788 1122 2851 illic

240 2903 383 2966 aetheris
399 2912 451 2966 est
466 2913 639 2985 terraeque
655 2903 771 2983 procul
787 2903 942 2983 contagia
959 2902 1053 2982 fugit.

241 3016 313 3078 Nec
330 3036 390 3096 par
406 3025 463 3078 aut
478 3016 594 3078 eadem
612 3024 794 3078 nocturnae
811 3016 918 3078 forma
937 3015 1067 3076 Dianae

240 3137 605 3211 essepotestumquam.
636 3127 1190 3210 Semperquehodiernasequente,

240 3241 267 3302 si
283 3241 410 3317 crescit,
424 3240 532 3304 minor
547 3249 613 3316 est;
638 3241 750 3316 maior,
765 3241 793 3302 si
809 3240 974 3302 contrahit
990 3239 1135 3301 orbem.''

281 3434 319 3486 57.
337 3435 488 3472 emensas:
503 3424 612 3486 passing
621 3423 656 3485 by.
692 3421 730 3487 58.
748 3422 849 3471 iubar:
869 3420 1190 3469 radium—nitidum:

239 3505 352 3569 shining.
392 3505 431 3554 61.
454 3505 590 3566 praevia:
620 3505 716 3553 herald.
763 3505 802 3553 62.
831 3503 1010 3552 Pallantias:
1038 3505 1193 3551 Aurora.—

240 3587 349 3636 inficit:
368 3589 438 3637 tints.
472 3587 511 3649 63.
529 3587 593 3636 dei:
613 3588 711 3644 Phoebi,
731 3588 801 3635 Solis.
836 3586 875 3646 64.
899 3598 1000 3635 mane:
1022 3588 1051 3633 in
1068 3587 1107 3633 tlte
1123 3587 1194 3648 early

241 3672 368 3734 morning.
412 3670 451 3734 65.
468 3670 588 3719 melior:
603 3678 694 3733 purer.
736 3671 776 3733 67.
793 3669 922 3717 Dianae:
946 3670 1043 3717 Lunae.
1086 3668 1125 3716 68.
1143 3669 1193 3717 ho·

241 3752 359 3801 diuma:
378 3752 482 3814 lo-day's
495 3751 604 3815 (moon)2
963 3765 966 3769 ·

406 3921 425 3957 N
