2996 4384
514 337 770 394 ATALANTA‘s
802 335 909 394 anca
1118 324 1182 416 163

235 519 481 602 Indignamque
497 540 613 584 necem
631 520 773 602 pretium
791 520 935 602 patietur
950 519 1098 584 amoris?

234 633 311 695 Non
328 631 391 695 erit
407 631 550 695 invidiae
564 633 703 696 victoria
718 642 831 696 nostra
847 633 1016 696 ferendae.

173 767 205 816 70
233 745 301 809 Sed
316 765 384 808 non
401 745 499 826 culpa
515 765 590 808 mea
605 755 663 809 est.
713 744 852 810 Utinam
868 746 1028 809 desistere
1043 745 1153 809 velles.
1203 756 1255 842 sne

231 859 304 921 Aut
320 858 476 941 quoniam
493 878 529 922 es
546 859 694 934 demens,
712 858 839 922 utinam
855 858 999 922 velocior
1015 879 1113 923 esses
1202 833 1299 952 ἔξω

232 970 282 1034 At
297 990 397 1053 quam
413 971 583 1055 virgineus
600 970 718 1054 puerili
733 971 844 1034 vultus
861 971 893 1034 in
911 992 967 1035 ore
983 980 1042 1035 est.
1202 980 1363 1026 neuvemce

232 1082 300 1158 Ah,
317 1083 417 1147 miser
435 1084 660 1166 Hippomene,
678 1083 799 1147 nollem
816 1083 876 1147 tibi
891 1083 963 1147 visa
978 1084 1126 1147 fuissem.

232 1196 353 1258 Vivere
370 1196 492 1278 dignus
509 1216 591 1259 eras
625 1196 724 1277 Quod
742 1195 770 1258 si
785 1195 914 1259 felicior
930 1216 1039 1259 essem

173 1325 204 1378 75
232 1327 293 1372 nec
311 1309 392 1371 mihi
409 1307 601 1390 coniugium
617 1309 689 1371 fata
705 1307 894 1390 importuna
911 1319 1081 1390 negarent,

232 1440 317 1484 unus
334 1441 407 1484 eras
423 1441 499 1484 cum
516 1442 582 1503 quo
595 1421 720 1484 sociare
737 1420 858 1484 cubilia
870 1421 1021 1485 vellem.''

278 1534 426 1597 Dixerat.
474 1535 589 1615 thue
609 1533 700 1596 rudis
716 1533 889 1615 primoque
906 1533 1070 1615 Cupidine
1087 1543 1184 1610 tacta,

232 1644 311 1728 quid
323 1645 402 1708 velit
418 1645 586 1725 ignorans,
604 1654 695 1708 amat
710 1654 744 1708 et
760 1665 826 1708 non
843 1647 943 1708 sentit
959 1665 1114 1709 amorem.

234 1759 306 1820 Iam
324 1757 438 1820 solitos
456 1766 597 1839 poscunt
609 1777 726 1820 cursus
743 1757 953 1840 populusque
970 1767 1140 1840 paterque,

171 1883 204 1933 80
231 1890 306 1933 cum
324 1890 377 1933 me
394 1870 533 1933 sollicita
550 1869 659 1951 proles
677 1869 849 1950 Neptunia
864 1890 946 1933 voce
1202 1881 1367 1966 uippomenes

231 1983 365 2045 invocat
381 1982 625 2064 Hippomenes,
638 1982 937 2066 “Cytherea''que,
952 1986 971 2014 “
981 2002 1183 2063 comprecor,
1201 1957 1307 2077 ἓξὲξ

319 2114 408 2156 ausis

232 2206 348 2282 adsit,’'
367 2205 421 2282 ait,
441 2205 592 2268 “nostris
609 2215 642 2269 et
658 2226 741 2288 quos
757 2206 848 2269 dedit
864 2206 999 2269 adiuvet
1014 2205 1132 2290 ignis.”

277 2317 407 2381 Detulit
422 2337 503 2381 aura
516 2337 633 2398 preces
650 2318 692 2380 ad
708 2337 845 2380 menon
861 2317 973 2380 invida
989 2318 1147 2394 blandas;

232 2439 388 2512 motaque
405 2449 488 2504 sum,
498 2429 615 2492 fateor.
650 2430 722 2492 Nec
733 2429 806 2510 opis
819 2449 912 2492 mora
922 2429 1024 2510 longa
1034 2430 1182 2493 dabatur.

171 2549 204 2615 85
234 2543 295 2605 Est
310 2561 392 2625 ager
406 2539 603 2622 (indigenae
619 2542 846 2604 Tamasenum
863 2541 998 2605 nomine
1015 2541 1155 2625 dicunt),

232 2653 358 2716 telluris
375 2653 518 2737 Cypriae
534 2673 613 2734 pars
625 2653 760 2734 optima,
778 2673 878 2736 quam
895 2653 976 2716 mihi
991 2653 1091 2736 prisci

232 2785 405 2828 sacravere
422 2785 529 2841 seneS,
546 2765 746 2848 templisque
763 2766 922 2830 accedere
939 2767 1050 2830 dotem

232 2878 319 2940 hanc
335 2876 462 2940 iussere
478 2879 570 2940 meis.
620 2876 733 2941 Medio
749 2877 832 2942 nitet
848 2879 946 2942 arbor
958 2878 992 2941 in
1008 2899 1097 2955 arvo,

232 2990 326 3053 lulva
341 3010 481 3066 comam,
499 2990 593 3052 fulvo
609 2989 710 3053 ramis
726 2989 966 3070 crepitantibus
983 3011 1071 3055 auro.

172 3134 204 3188 90
234 3105 323 3167 Hinc
339 3104 402 3166 tria
418 3103 505 3166 forte
521 3122 597 3165 mea
613 3103 750 3166 veniens
767 3104 926 3185 decerpta
942 3104 1090 3167 lerebam

232 3235 333 3279 aurea
349 3235 449 3296 poma
465 3235 575 3291 manu,
590 3214 736 3298 nullique
751 3215 896 3279 videnda
908 3216 971 3279 nisi
982 3216 1046 3298 ipsi

272 3386 312 3448 69.
329 3387 401 3435 Non
411 3404 417 3434 :
429 3385 489 3434 with
492 3387 625 3452 serendae.
634 3386 806 3436 -lnvldiae
818 3404 823 3434 :
836 3386 906 3450 pred.
915 3401 972 3449 gen.
994 3399 1032 3450 71.
1045 3388 1183 3437 demens:

232 3484 326 3517 amens.
362 3481 399 3533 73.
411 3469 541 3518 nollem:
559 3469 645 3518 would
649 3470 729 3516 that!
735 3469 790 3516 had
796 3477 846 3518 not.
877 3468 915 3533 76.
928 3469 1047 3519 sociare
1055 3471 1184 3520 cubilia:

232 3568 330 3614 marry.
361 3563 399 3615 77.
414 3551 514 3600 rudia:
533 3551 735 3614 inexperienced.
772 3551 811 3601 80.
833 3552 936 3614 proles
954 3552 1127 3614 Neptunia:
1159 3554 1185 3601 in

180 3657 182 3661 v
232 3633 375 3698 apposition
386 3640 414 3682 to
425 3635 602 3697 Hippomenes.
632 3633 781 3684 81.ausls:
795 3641 819 3682 to
831 3650 872 3698 my
885 3635 1064 3700 undertaking.
1093 3636 1184 3700 85.ln-

231 3718 377 3779 dlgenae:
402 3718 506 3765 natives.
549 3716 588 3765 88.
615 3717 707 3766 nitet:
727 3718 838 3782 glistens.
884 3717 925 3780 89.
944 3717 1026 3767 lulva
1049 3731 1183 3768 comam:

231 3799 292 3848 with
305 3800 394 3862 yellow
404 3800 508 3865 foliage.
