2998 4386
237 299 242 314 ⁸
303 317 371 390 174
508 312 757 370 SELECTIONS
788 313 905 370 FROM
937 311 1040 370 OVID

298 494 450 577 Cumque
460 496 576 559 eadem
590 495 851 578 passis(tantum
862 495 1081 559 medicamina
1093 497 1250 579 possunt)
1280 520 1307 574 15

298 607 433 670 claudor
449 609 538 670 hara.
588 609 769 691 Solumque
787 609 855 672 suis
871 611 1016 673 caruisse
1032 610 1138 689 figura

296 720 439 782 vidimus
457 720 702 804 Eurylochum;
724 721 816 785 solus
833 722 911 785 data
927 720 1047 803 pocula
1063 720 1159 802 fugit.

341 833 438 915 Quae
454 832 517 895 nisi
530 835 675 909 vitasset,
694 835 824 915 pecoris
841 854 918 914 pars
935 853 1001 895 una
1017 853 1186 896 manerem

297 967 385 1008 nunc
402 966 534 1028 quoque
551 947 714 1026 saetigeri,
732 945 793 1008 nec
810 954 924 1009 tantae
940 945 1044 1009 cladis
1060 945 1102 1008 ab
1118 944 1173 1008 illo

297 1061 416 1121 certior
431 1060 473 1121 ad
491 1060 609 1123 Circen
628 1059 714 1120 ultor
729 1057 875 1121 venisset
893 1057 1017 1123 Ulixes
1277 1082 1307 1116 20

104 1179 221 1240 mercury
298 1173 427 1234 Pacifer
443 1173 520 1235 huic
537 1173 676 1235 dederat
692 1171 807 1234 florem
826 1170 996 1255 Cyllenius
1013 1171 1124 1234 album

105 1265 214 1389 {5³2}ae
296 1283 401 1369 (moly
417 1294 538 1348 vocant
554 1287 684 1366 superi;
709 1285 805 1365 nigra
822 1284 931 1346 radice
944 1285 1098 1368 tenetur).

297 1399 405 1461 Tutus
422 1418 461 1461 eo
479 1398 677 1480 monitisque
696 1396 792 1460 simul
810 1396 1007 1460 caelestibus
1024 1398 1126 1459 intrat

297 1510 352 1573 ille
368 1511 502 1573 domum
520 1512 650 1587 Circes;
676 1519 710 1573 et
726 1510 768 1571 ad
783 1508 943 1572 insidiosa
957 1519 1094 1572 vocatus

298 1623 427 1703 pocula,
445 1632 621 1686 conantem
638 1623 732 1704 virga
751 1622 895 1684 mulcere
914 1621 1049 1702 capillos
1276 1639 1306 1691 25

298 1735 441 1816 reppulit
457 1744 490 1798 et
506 1734 619 1798 stricto
635 1735 790 1816 pavidam
808 1734 967 1798 deterruit
983 1753 1072 1797 ense.

300 1847 383 1910 Inde
400 1848 481 1910 fides
498 1847 698 1929 dextraeque
715 1848 832 1922 datae;
857 1848 1071 1929 thalamoque
1093 1853 1248 1926 receptus

299 1959 443 2040 coniugii
460 1959 571 2022 dotem
588 1961 752 2023 sociorum
770 1979 911 2040 corpora
927 1958 1042 2040 poscit.

105 2073 169 2119 Wh⁰
343 2071 539 2152 Spargimur
555 2071 690 2152 ignotae
704 2073 791 2134 sucis
808 2071 999 2134 melioribus
1015 2070 1149 2145 herbae,

105 2148 214 2267 {2¹¹3ss
298 2184 567 2266 percutimurque
583 2193 683 2265 caput
699 2203 879 2247 conversae
895 2183 1033 2246 verbere
1047 2182 1170 2264 virgae,
1277 2197 1307 2248 3⁰

297 2296 464 2377 verbaque
480 2296 634 2358 dicuntur
650 2295 746 2358 dictis
763 2297 928 2359 contraria
944 2294 1061 2358 verbis.

299 2408 374 2490 Quo
391 2408 497 2488 magis
513 2407 569 2471 illa
585 2409 682 2484 canit,
701 2407 808 2489 magis
825 2408 888 2471 hoc
900 2399 1018 2470 tellure
1034 2407 1132 2469 levati

213 2543 223 2552 ·
298 2521 463 2601 erigimur,
481 2530 660 2603 saetaeque
677 2521 809 2596 cadunt,
826 2520 1012 2603 bifidosque
1028 2518 1184 2601 relinquit

298 2633 380 2694 rima
397 2633 509 2713 pedes,
528 2633 668 2696 redeunt
683 2633 789 2696 umeri
805 2642 839 2696 et
854 2632 1003 2696 subiecta
1020 2631 1150 2694 lacertis

297 2743 454 2806 bracchia
471 2753 555 2806 sunt.
606 2745 759 2808 Flentem
776 2745 894 2808 flentes
908 2744 1139 2826 amplectimur
1155 2741 1220 2824 ipsi
1276 2758 1306 2811 35
1379 2758 1382 2765 '

298 2856 539 2938 haeremusque
556 2858 649 2920 ducis
666 2857 760 2920 collo.
810 2858 883 2921 Nec
899 2858 1001 2920 verba
1018 2857 1119 2920 locuti

297 2968 364 3030 ulla
381 2969 490 3050 priora
507 2989 622 3032 sumus
639 2989 738 3050 quam
755 2990 817 3032 nos
833 2969 991 3033 testantia
1004 2979 1126 3050 gratos.

340 3165 377 3217 15.
395 3154 509 3213 passis:
543 3169 584 3216 my
606 3153 768 3217 companions
790 3153 843 3201 who
864 3152 919 3201 hod
941 3153 1056 3218 suffired.
1101 3151 1137 3200 16.
1161 3151 1246 3200 hara:

295 3236 464 3298 slya—suis:
485 3250 542 3298 gen.
555 3236 639 3284 ossus.
672 3235 708 3284 18.
727 3235 826 3295 Quae:
841 3235 917 3283 refers
929 3241 955 3283 to
968 3236 1069 3298 pocula.
1106 3247 1142 3294 19.
1161 3233 1249 3282 saeu-
1322 3227 1324 3230 ’

296 3319 371 3379 geri:
387 3318 418 3367 cf.
430 3320 511 3377 saetis,
523 3319 539 3367 l.
552 3332 575 3379 9.
604 3331 643 3367 20.
660 3318 756 3367 ultor:
778 3334 893 3381 avenger.
930 3330 968 3365 21.
987 3317 1155 3379 Cyllenius:
1178 3318 1249 3364 Mer-

297 3417 366 3464 cury.
407 3415 445 3450 22.
463 3401 559 3463 moly:
579 3401 651 3463 moly.
686 3412 725 3464 25.
742 3401 887 3450 mulcere:
912 3400 997 3448 stroke.
1043 3411 1081 3462 31.
1100 3399 1193 3448 dictis
1206 3435 1210 3445 .
1224 3434 1248 3446 ..

295 3485 412 3534 verbis:
439 3485 477 3532 Ibe
497 3485 601 3547 opposite
620 3483 651 3548 os
661 3484 699 3530 tlte
715 3483 797 3530 words
808 3484 935 3549 fhrmerly
951 3483 1049 3546 spoken,
1067 3481 1106 3530 i.e.
1127 3481 1250 3543 revolring

295 3568 385 3617 words.
431 3580 470 3629 33.
495 3565 624 3615 bifidos:
653 3566 744 3613 clooen.
791 3578 829 3626 34.
852 3565 941 3613 nima:
972 3564 1054 3613 crack.
1102 3577 1141 3627 37.
1159 3575 1249 3625 quam

295 3649 455 3699 testantia:
475 3648 537 3696 than
554 3647 616 3694 those
632 3647 712 3695 which
723 3646 827 3710 proved.
