2996 4384
319 263 388 334 130
521 250 772 312 SELECTIONS
803 250 921 309 FROM
953 249 1056 309 OVID

346 483 542 554 XXXIII.
579 483 614 553 A
644 481 863 553 LETTER
891 481 965 551 TO
995 479 1232 551 PERILLA

312 658 408 721 Vade
425 659 603 721 salutatum
621 657 730 721 subito
747 666 902 739 perarata
918 656 1080 732 Perillam,

357 771 474 848 littera,
492 773 655 835 sermonis
671 771 738 833 fida
750 769 900 832 ministra
917 771 990 831 mei.

119 887 164 934 nis
313 885 384 946 Aut
399 884 489 946 illam
505 884 654 947 invenies
670 883 759 946 dulci
775 902 850 945 cum
867 891 971 944 matre
988 881 1160 945 sedentem

118 960 264 1080 icllonfiience
356 1006 412 1059 aut
428 998 513 1060 inter
529 995 630 1059 libros
648 995 861 1076 Pieridasque
878 1014 964 1057 suas.

119 1110 236 1158 Petinus
313 1108 480 1190 Quicquid
496 1117 583 1190 aget,
600 1128 676 1171 cum
692 1117 726 1171 te
743 1107 852 1170 scierit
866 1108 1008 1182 venisse,
1026 1106 1207 1188 relinquet;
1307 1130 1321 1183 5

119 1185 186 1232 nove
355 1241 418 1283 nec
434 1241 536 1296 mora,
554 1220 633 1303 quid
648 1220 764 1283 venias
780 1219 910 1301 quidve,
925 1218 1077 1300 requiret,
1096 1238 1202 1300 agam.

243 1413 248 1420 .
312 1333 434 1396 Vivere
451 1354 504 1396 me
519 1333 619 1408 diceS,
638 1333 696 1396 sed
713 1332 759 1394 sic
776 1341 812 1394 ut
827 1331 938 1393 vivere
954 1315 1069 1407 nolim,
1155 1397 1163 1414 .

355 1465 418 1508 nec
434 1446 521 1508 mala
537 1455 605 1508 tam
622 1445 723 1526 longa
739 1453 853 1507 nostra
868 1444 977 1506 levata
993 1463 1102 1520 mora,

312 1567 345 1620 et
360 1567 472 1621 tamen
489 1558 531 1620 ad
549 1557 674 1632 Musas
693 1556 843 1639 quamvis
858 1576 1012 1632 nocuere,
1030 1558 1160 1632 reverti,

356 1679 501 1752 aptaque
517 1670 550 1732 in
567 1671 713 1732 alternos
729 1689 850 1750 cogere
865 1668 968 1731 verba
984 1668 1095 1750 pedes
1291 1692 1320 1728 10

312 1783 364 1844 Tu
376 1802 516 1864 quoque,
524 1781 587 1856 dic,
595 1781 712 1843 studiis
723 1781 954 1844 communibus
966 1781 1085 1862 ecquid
1097 1782 1260 1858 inhaeres,

355 1894 519 1974 doctaque
535 1914 615 1956 num
632 1893 738 1975 patrio
755 1892 902 1956 carmina
918 1913 1009 1956 more
1024 1893 1139 1956 canis?

314 2007 401 2068 Nam
418 2005 477 2068 tibi
493 2026 569 2068 cum
585 2006 671 2068 facie
688 2026 796 2069 mores
813 2014 933 2068 natura
949 2005 1088 2086 pudicos

356 2127 388 2181 et
405 2139 496 2180 raras
513 2118 607 2181 dotes
623 2118 861 2200 ingeniumque
877 2117 976 2180 dedit.

221 2283 232 2293 .
314 2232 389 2293 Hoc
406 2251 469 2312 ego
486 2231 666 2311 Pegasidas
683 2231 804 2293 deduxi
819 2232 946 2311 primus
963 2231 1005 2293 ad
1021 2230 1136 2306 undas,
1289 2246 1317 2300 ις

356 2352 458 2424 utque
474 2353 570 2425 pater
585 2353 683 2406 natac
700 2344 833 2424 duxque
850 2363 1028 2425 comesque
1044 2343 1102 2405 fui.

119 2483 225 2542 nappin
314 2457 404 2537 Ergo
421 2455 448 2519 si
464 2464 636 2518 remanent
652 2456 746 2536 ignes
762 2455 822 2517 tibi
838 2457 982 2537 pectoris
998 2455 1095 2531 idem,

119 2559 190 2617 ΒΨ
356 2569 426 2630 sola
442 2577 535 2630 tuum
551 2577 645 2630 vates
663 2561 786 2630 Lesbia
802 2569 912 2630 vincet
928 2588 1022 2649 opus.

313 2680 379 2744 Sed
395 2699 512 2743 vereor
528 2699 571 2742 ne
587 2689 620 2742 te
637 2699 711 2743 mea
728 2700 816 2742 nunc
834 2680 969 2742 lortuna
984 2659 1139 2756 retardet,

355 2800 496 2873 postque
513 2812 605 2854 meos
621 2812 719 2854 casus
736 2794 777 2854 sit
793 2792 852 2854 tibi
868 2801 985 2874 pectus
1001 2792 1098 2856 iners.
1288 2808 1318 2843 20

312 2906 403 2966 Dum
420 2903 519 2978 licuit,
536 2913 594 2965 tua
612 2923 712 2985 saepe
729 2903 818 2977 mihi,
836 2904 896 2966 tibi
912 2914 1026 2967 nostra
1042 2903 1195 2986 legebam
1209 2925 1215 2981 ;

241 3055 243 3061 s
354 3035 454 3097 saepe
470 3015 518 3078 tui
534 3015 640 3090 iudex,
659 3035 759 3096 saepe
776 3017 933 3097 magister
949 3037 1047 3078 eram.
1213 3009 1214 3013 ¹

310 3129 381 3191 Aut
397 3148 460 3209 ego
477 3127 677 3209 praebebam
693 3127 792 3190 factis
808 3128 906 3191 modo
921 3129 1071 3192 versibus
1087 3131 1185 3206 auriS,

353 3250 419 3317 aut,
437 3240 493 3302 ubi
509 3260 668 3316 cessaraS,
686 3260 787 3303 causa
803 3241 932 3305 ruboris
948 3261 1048 3304 eram.

311 3354 466 3416 Forsitan
482 3352 643 3433 exemplo,
661 3353 738 3435 quia
754 3374 806 3416 me
823 3354 948 3417 laesere
963 3354 1075 3430 libelli,
1291 3367 1321 3418 ²5

352 3476 388 3529 tu
405 3485 536 3548 quoque
554 3464 599 3526 sis
615 3485 744 3546 poenae
760 3466 851 3529 facta
867 3467 1004 3529 remissa
1020 3467 1138 3530 meae?
1195 3521 1197 3527 .

311 3579 409 3654 Pone,
429 3577 554 3652 Perilla‚
573 3587 706 3640 metum.
750 3577 897 3638 Tantum
914 3578 1014 3640 modo
1031 3578 1158 3641 femina
1173 3579 1265 3641 nulla

352 3710 414 3754 nec
431 3688 559 3752 iuvenis
576 3689 708 3771 scriptis
724 3689 829 3752 discat
846 3709 957 3753 amare
974 3691 1049 3753 tuis.
