2998 4386
663 342 796 400 ARION
1131 337 1197 424 187

291 545 392 589 aurea
408 527 449 589 de
465 547 583 608 campo
599 527 710 590 vellite
727 527 823 608 signa
838 549 922 591 meo.

249 638 411 720 Corniger
426 638 591 720 increpuit
607 639 723 723 thyrso
740 641 893 721 graviore
911 641 1066 725 Lyaeus;

293 751 457 831 pulsanda
473 761 524 815 est
539 752 670 833 magnis
687 772 765 816 area
781 753 886 816 maior
900 754 1003 835 equis

250 863 406 926 Imbelles
422 865 517 946 elegi,
535 866 675 946 genialis
693 867 802 941 Musa,
819 867 936 942 valete,

191 1000 220 1034 20
292 985 369 1057 post
385 995 459 1039 mea
475 997 667 1040 mansurum
685 978 754 1041 fata
770 987 940 1060 superstes
955 999 1049 1060 opus,

656 1179 793 1206 -400--·

596 1327 638 1398 L.
676 1327 853 1398 ARION

249 1505 348 1586 Quod
364 1526 456 1569 mare
472 1527 537 1570 non
555 1507 655 1583 novit,
673 1528 759 1590 quae
776 1509 882 1571 nescit
899 1509 1027 1572 Ariona
1042 1509 1163 1572 tellus?
1217 1515 1270 1561 rue

293 1618 449 1681 Carmine
466 1619 629 1682 currentis
645 1619 699 1682 ille
717 1619 851 1682 tenebat
868 1641 980 1702 aquas.
1217 1589 1295 1711 ΞΜ

249 1730 358 1811 Saepe
376 1750 519 1812 sequens
536 1751 658 1812 agnam
675 1731 775 1813 lupus
788 1741 839 1794 est
856 1753 875 1794 a
891 1752 972 1795 voce
989 1742 1147 1809 retentus,
1218 1734 1293 1780 Arion

292 1863 392 1924 saepe
410 1843 542 1905 avidum
560 1843 695 1925 fugiens
712 1845 831 1906 restitit
848 1865 936 1926 agna
954 1845 1088 1925 lupum;

205 1970 219 2023 5
248 1974 348 2036 saepe
364 1975 465 2017 canes
482 1956 679 2037 leporesque
696 1955 813 2018 umbra
829 1957 959 2020 ia'cuere
976 1957 1038 2020 sub
1054 1977 1130 2033 una,

291 2076 324 2130 et
341 2069 432 2130 stetit
453 2069 488 2130 in
505 2088 583 2131 saxo
601 2068 750 2148 proxima
766 2088 864 2132 cerva
881 2071 970 2145 leae;

247 2189 281 2242 et
297 2181 367 2243 sine
384 2180 440 2243 lite
456 2181 578 2262 loquax
594 2201 669 2244 cum
687 2182 830 2245 Palladis
847 2183 923 2245 alite
940 2182 1053 2244 cornix

292 2292 386 2368 sedit,
404 2301 437 2355 et
454 2292 603 2375 accipitri
619 2293 732 2357 iuncta
748 2294 901 2357 columba
917 2294 989 2356 fuit.

250 2403 395 2487 Cynthia
411 2425 513 2486 saepe
530 2407 595 2468 tuis
612 2407 727 2482 fertur,
745 2407 870 2470 vocalis
887 2407 1002 2481 Arion,

192 2529 221 2566 ¹0
292 2526 462 2599 tamquam
480 2518 637 2580 fraternis
652 2514 864 2598 obstupuisse
882 2519 996 2581 modis

250 2629 382 2692 Nomen
400 2627 576 2692 Arionium
591 2629 720 2693 Siculas
737 2629 932 2710 impleverat
948 2627 1047 2704 urbis,

292 2751 456 2823 captaque
474 2751 546 2804 erat
563 2742 674 2826 lyricis
690 2743 840 2804 Ausonis
857 2761 915 2804 ora
930 2741 1029 2804 sonis.

251 2853 334 2916 Inde
350 2853 485 2916 domum
502 2863 658 2936 repetens
675 2874 824 2936 puppem
842 2853 1036 2917 conscendit
1051 2851 1170 2928 Arion,

293 2975 394 3047 atque
405 2967 452 3028 ita
468 2966 635 3048 quaesitas
652 2975 722 3028 arte
738 2966 868 3029 ferebat
884 2985 973 3046 opes.

296 3134 333 3182 16.
357 3148 447 3185 aurea
468 3136 565 3197 signa:
588 3136 631 3184 i.e.
654 3135 697 3184 the
718 3135 849 3184 standards
869 3134 897 3181 oi
917 3134 980 3183 iove.
1021 3145 1057 3197 17.
1078 3133 1199 3195 thyrso:

249 3218 360 3276 wantis
379 3225 442 3266 stem
460 3219 552 3267 twined
572 3219 632 3267 with
653 3217 998 3278 vine-shoots.—Lyaeus:
1017 3216 1060 3266 i.e.
1079 3215 1202 3274 Bacchus,

249 3299 306 3347 who
323 3316 374 3348 was
392 3302 535 3349 sometimes
553 3302 715 3364 represented
735 3299 795 3349 with
814 3298 898 3347 horns.
946 3298 982 3347 18.
1000 3311 1070 3348 aren
1090 3299 1199 3348 maior:

250 3383 291 3431 ie.
303 3383 336 3430 he
345 3391 411 3432 must
424 3391 481 3432 turn
493 3391 519 3432 to
529 3399 544 3431 a
554 3382 643 3446 higher
658 3384 720 3447 style
737 3383 767 3431 os
781 3390 876 3447 poetry.
926 3394 965 3431 20.
982 3381 1059 3430 iata:
1079 3381 1201 3430 death.—

250 3469 419 3526 superstes:
438 3467 567 3524 survivor,
580 3468 649 3530 pred.
661 3467 724 3515 aster
737 3481 900 3514 mansurum.

292 3549 320 3596 L.
352 3561 374 3614 5.
395 3549 528 3610 lepores:
550 3550 632 3600 hares.
670 3550 694 3598 6.
718 3550 797 3598 leae:
818 3550 914 3597 lioness.
957 3560 978 3611 7.
996 3547 1064 3596 lite:
1085 3540 1214 3610 quarrel.‘

250 3631 423 3681 -Palladis
434 3633 522 3682 alite:
539 3635 581 3680 ie.
597 3633 640 3681 the
652 3633 708 3681 owl.
746 3631 768 3680 8.
789 3631 943 3692 accipitri:
962 3630 1043 3678 hawk.
1080 3642 1105 3691 9.
1125 3629 1201 3691 Gyn-

250 3713 328 3762 thia:
343 3714 382 3762 ie.
396 3714 641 3763 Diana—ierint:
656 3716 678 3762 is
689 3715 753 3762 said.
793 3726 830 3761 ιο.
848 3713 1000 3762 fraternis:
1019 3713 1062 3760 i.e.
1077 3712 1198 3776 Apollo’s.

254 3808 290 3843 12.
311 3796 459 3846 Ausonis:
473 3797 513 3845 ie.
526 3783 639 3846 Italian.
677 3809 713 3858 14.
734 3797 904 3858 quaesitas:
915 3796 1042 3860 acquired.
