2988 4388
449 307 694 366 DEUCALION
723 307 811 365 ΑΝΙ)
842 307 1004 366 PYRRHA
1164 315 1184 364 2
1190 315 1208 389 ς

147 396 258 564 Α
305 491 451 567 Dixerat,
468 502 501 555 et
517 491 650 555 flebant.
699 490 826 553 Placuit
841 490 984 554 caeleste
1001 496 1131 572 precari
1236 505 1306 563 they

258 611 382 666 mimen
399 613 432 667 et
447 604 602 666 auxilium
620 624 679 685 per
695 610 806 666 sacras
823 622 981 685 quaerere
997 611 1103 666 sortis.
1235 591 1299 640 ΨΥ

260 717 361 778 Nrilla
377 736 469 779 mora
485 725 553 791 est;
578 714 701 779 adeunt
718 714 842 796 pariter
858 715 1055 796 Cephisidas
1071 713 1186 790 undas,

257 837 294 891 ut
309 829 456 890 nendum
474 827 623 910 liquidas,
641 837 687 891 sic
704 827 769 889 iam
785 826 872 890 vada
887 836 966 890 nota
982 837 1135 891 secantis.

259 941 343 1004 Inde
359 940 414 1002 ubi
431 940 548 1003 libatos
564 939 750 1004 inroravere
766 940 909 1022 liqueres

205 1058 236 1109 60
258 1053 405 1116 vestibus
421 1062 455 1116 et
470 1052 578 1134 capiti,
596 1051 735 1115 flectunt
748 1053 889 1135 vestigia
905 1059 1040 1116 sanctae

258 1166 299 1228 ad
316 1165 453 1228 delubra
468 1165 560 1241 deae,
579 1173 718 1247 querum
735 1165 871 1247 fastigia
886 1174 976 1247 turpi

257 1278 426 1360 pallebant
442 1285 566 1354 museo,
585 1278 783 1360 stebantque
799 1279 870 1341 sine
885 1278 1019 1360 ignibus
1034 1285 1120 1341 erae.

258 1392 306 1455 Ut
321 1390 438 1471 templi
453 1391 592 1472 tetigere
609 1390 742 1472 gradem,
761 1390 948 1472 preeumbit
963 1400 1102 1472 uterque

257 1511 382 1584 pronus
398 1503 491 1564 humi
506 1502 683 1585 gelideque
700 1510 826 1584 pavens
842 1501 934 1565 dedit
949 1503 1062 1564 escula
1078 1510 1167 1564 saxo.

203 1623 235 1690 65
257 1616 372 1697 Atque
386 1617 442 1691 ita,
461 1615 529 1679 “Si
544 1614 729 1696 precibus‚”
746 1615 906 1691 dixerunt,
926 1619 944 1645 “
954 1612 1091 1676 numina
1106 1615 1201 1677 iustis

256 1734 343 1790 victa
359 1728 602 1803 remollescunt,
621 1737 648 1791 si
665 1726 806 1790 flectitur
822 1737 871 1789 ira
886 1727 1032 1802 demum,

256 1840 318 1916 dic,
335 1839 465 1916 Themi,
483 1847 548 1922 qua
564 1839 696 1922 generis
711 1840 869 1902 damnum
887 1839 1072 1921 reparabile
1087 1849 1198 1922 nostri,

256 1962 326 2016 arte
343 1952 394 2029 sit,
411 1961 445 2017 et
460 1962 577 2016 mersis
593 1953 646 2015 fer
660 1973 768 2034 opem,
785 1951 968 2027 mitissima,
985 1952 1116 2014 rebris”

301 2067 396 2129 Meta
405 2066 468 2128 dea
483 2073 534 2129 est
543 2074 732 2147 sortemque
744 2064 852 2127 dedit:
871 2069 888 2096 “
898 2063 1067 2127 Discedite
1083 2064 1208 2146 templo
1234 2073 1286 2121 the

204 2202 235 2251 70
257 2188 290 2242 et
306 2179 414 2242 velate
430 2187 532 2260 caput
546 2183 737 2260 cinctasque
754 2175 907 2241 resolvite
922 2185 1032 2252 vestis,
1233 2149 1341 2198 mm

256 2311 397 2373 ossaque
413 2300 489 2372 post
504 2300 636 2372 tergum
652 2296 795 2371 magnae
810 2288 930 2352 iactete
946 2287 1123 2369 parentis.”

256 2403 470 2482 Obstupuere
482 2401 554 2477 diri;
572 2402 762 2484 rumpitque
781 2400 910 2464 silentia
926 2408 1008 2463 vece

258 2511 384 2596 Pyrrha
399 2511 488 2592 prior
503 2511 668 2594 irissisque
683 2512 766 2576 deae
782 2520 898 2595 parere
915 2520 1054 2588 recusat,

256 2623 378 2707 detque
394 2623 457 2686 sibi
470 2623 602 2686 veniam
619 2623 741 2706 pavide
756 2634 852 2706 rogat
867 2633 933 2701 ere,
951 2635 1117 2707 pavetque

203 2764 233 2817 75
257 2735 388 2799 laedere
403 2735 532 2814 iactatis
548 2744 716 2800 matemes
732 2736 861 2800 ossibus
877 2738 1021 2800 umbras.
1093 2745 1096 2753 '

257 2848 388 2911 Interee
404 2857 559 2930 repetunt
575 2859 683 2912 caeeis
699 2848 840 2912 obscura
855 2849 990 2911 latebris

254 2959 353 3022 verba
368 2959 466 3024 datae
482 2961 580 3024 sortis
596 2969 717 3038 secum,
735 2960 821 3024 inter
837 2967 939 3042 seque
954 2961 1114 3023 volutant.

206 3025 339 3134 finde
357 3073 585 3135 Promethides
602 3074 740 3154 placidis
758 3073 972 3155 Epimethida
987 3073 1083 3158 dictis

254 3179 378 3242 mulcet
393 3187 435 3256 et,
454 3181 549 3243 “Aut
564 3181 696 3258 fallax,''
715 3181 769 3257 ait,
789 3186 868 3244 “est
884 3181 1031 3244 sollertia
1045 3182 1150 3259 nobis,

200 3301 232 3352 80
254 3300 312 3354 aut
327 3292 383 3373 pia
399 3301 476 3356 sunt
492 3293 687 3377 miliumque
703 3295 799 3358 nefas
815 3294 949 3357 eracula
965 3294 1114 3357 suadent.

255 3405 383 3486 Magna
395 3412 517 3486 parens
527 3407 631 3469 Terra
647 3416 706 3470 est.
740 3407 885 3488 Lapides
901 3407 934 3469 in
951 3426 1089 3488 corpore
1098 3416 1205 3472 terrae

252 3536 329 3580 ossa
344 3537 418 3581 reor
432 3518 515 3595 dici;
539 3519 648 3582 iacere
664 3519 725 3582 hos
742 3529 817 3600 post
833 3529 928 3601 terga
945 3518 1127 3582 iubemur.”

296 3629 457 3712 Coniugis
473 3631 612 3712 augurii>
629 3651 830 3713 quamquam
847 3633 979 3694 Titania
995 3640 1084 3694 mota
1100 3642 1160 3709 est,

252 3749 330 3824 spes
346 3752 458 3806 tamen
474 3743 507 3805 in
524 3741 624 3805 dubie
640 3752 699 3806 est.
735 3743 833 3807 Adeo
848 3743 1046 3807 caelestibus
1062 3743 1162 3808 ambe
