2996 4384
317 325 384 413 146
529 335 779 395 SELECTIONS
810 336 927 393 FROM
957 337 1061 393 OVID

312 521 418 584 hostis
434 540 586 604 quaeque
597 541 674 583 suos
686 541 693 597 ;
716 540 809 583 amor
821 530 873 583 est
885 519 966 582 mihi
978 540 1078 583 causa
1090 523 1260 604 sequendi.
1290 545 1319 598 55

313 635 371 697 Me
387 633 554 709 miserum,
572 653 614 696 ne
632 653 736 714 prona
753 633 863 709 cadas,
881 632 1060 713 indignave
1077 633 1164 696 laedi

311 766 408 810 crura
423 755 539 809 notent
555 754 676 822 sentes,
694 754 727 809 et
744 745 805 808 sim
821 745 880 808 tibi
896 765 997 807 causa
1013 745 1143 808 doloris.

310 860 444 940 Aspera
457 879 522 942 qua
538 878 698 940 properas
715 859 787 922 loca
804 867 890 920 sunt.
939 858 1153 935 Moderatus,
1171 879 1238 936 oro,

310 990 405 1035 curre
421 971 605 1053 fugamque
618 967 753 1047 'inhibe3
778 968 980 1033 moderatius
996 970 1152 1052 insequar
1166 971 1248 1053 ipse.

354 1083 417 1149 Cui
432 1084 575 1165 placeas
594 1082 723 1166 inquire
738 1092 861 1145 tamen.
910 1082 988 1144 Non
1003 1082 1112 1146 incola
1128 1084 1259 1161 montis
1288 1099 1320 1147 60

309 1217 377 1260 non
393 1217 456 1278 ego
473 1217 546 1258 sum
563 1204 684 1278 pastor,
702 1216 768 1258 non
786 1196 839 1258 hic
855 1204 1005 1258 armenta
1021 1215 1209 1278 gregesque

309 1309 461 1373 horridus
477 1309 626 1373 observo.
674 1308 803 1382 Nescis,
821 1309 1003 1383 temeraria,
1022 1309 1130 1371 nescis

310 1441 409 1504 quem
425 1421 546 1503 fugias,
564 1421 704 1503 ideoque
720 1419 819 1500 fugis
869 1419 953 1482 Mihi
966 1419 1133 1502 Delphica
1147 1420 1245 1485 tellus

312 1544 344 1597 et
361 1535 476 1598 Claros
492 1543 525 1598 et
541 1534 696 1597 Tenedos
714 1534 920 1615 Patareaque
935 1534 1028 1613 regia
1044 1533 1153 1597 servit.

313 1646 464 1728 Iuppiter
479 1656 530 1710 est
546 1646 684 1728 genitor.
732 1647 795 1709 Per
811 1667 863 1710 me
880 1646 969 1728 quod
985 1647 1113 1729 eritque
1129 1646 1259 1729 fuitque
1286 1665 1316 1730 65

310 1769 426 1841 estque
443 1768 543 1841 patet,
562 1779 621 1840 per
637 1778 691 1822 me
707 1759 911 1823 concordant
926 1758 1073 1822 carmina
1087 1760 1206 1822 nervis.

311 1872 410 1936 Certa
426 1872 559 1953 quidem
575 1881 690 1934 nostra
705 1881 765 1947 est,
782 1881 895 1936 nostra
911 1882 1023 1935 tamen
1039 1891 1106 1933 una
1122 1871 1244 1953 sagitta

310 1984 438 2059 certior,
455 1983 489 2045 in
505 2003 610 2046 vacuo
627 2003 712 2065 quae
728 1983 866 2046 vulnera
883 1993 1017 2065 pectore
1033 1983 1122 2047 iecit.

311 2096 489 2158 Inventum
505 2096 669 2158 medicina
682 2115 792 2158 meum
808 2105 868 2171 est,
880 2096 1055 2180 opiferque
1068 2116 1128 2178 per
1144 2096 1257 2160 orbem

310 2207 410 2283 dicor,
423 2217 457 2270 et
472 2208 648 2272 herbarum
665 2208 815 2271 subiecta
831 2209 980 2290 potentia
995 2209 1100 2272 nobis,
1285 2228 1318 2281 70

311 2319 352 2382 Ei
368 2319 457 2396 mihi,
471 2321 560 2402 quod
576 2321 674 2383 nullis
691 2340 783 2383 amor
799 2331 849 2383 est
865 2320 1022 2384 sanabilis
1038 2321 1158 2398 herbis,

309 2452 370 2495 nec
387 2442 526 2514 prosunt
541 2432 675 2495 domino
695 2452 780 2515 quae
797 2443 937 2514 prosunt
953 2435 1106 2498 omnibus
1122 2436 1242 2498 artes.''

353 2545 451 2607 Plura
468 2545 653 2635 locutururn
668 2545 783 2609 timido
801 2545 923 2609 Peneia
935 2566 1032 2610 cursu

308 2656 396 2738 fugit
412 2677 554 2739 cumque
570 2657 644 2738 ipso
660 2658 763 2721 verba
778 2658 976 2740 imperfecta
992 2659 1132 2742 reliquit.

308 2769 396 2831 Turn
413 2789 544 2852 quoque
556 2770 628 2832 visa
643 2770 775 2833 decens
806 2771 989 2834 Nudabant
1006 2792 1145 2854 corpora
1154 2773 1255 2849 venti,
1285 2796 1314 2849 75

309 2882 471 2964 obviaque
488 2882 645 2945 adversas
660 2881 836 2946 vibrabant
851 2883 987 2946 flamina
1002 2886 1114 2961 vestis,

350 3127 389 3192 56.
407 3140 516 3188 prona:
535 3128 614 3176 down.
624 3129 785 3190 -indigna
795 3147 800 3176 ε
821 3130 899 3178 which
910 3130 940 3178 da
952 3137 997 3179 nat
1006 3130 1110 3180 deserat.
1119 3130 1238 3180 -laedi
1250 3149 1255 3178 :

308 3226 373 3274 quae
384 3210 528 3260 laedantur.
563 3222 602 3275 57.
620 3223 707 3260 omn
718 3230 723 3259 :
742 3213 797 3276 legs.
807 3240 839 3248 —
846 3216 954 3262 notant
965 3232 970 3261 :
988 3214 1091 3262 scratch.
1099 3242 1132 3250 —-
1139 3217 1256 3264 sentes:

308 3293 437 3342 branrbles.
472 3306 510 3358 59.
527 3293 647 3343 inhibe:
668 3294 744 3342 check.
778 3294 818 3342 61.
838 3299 974 3344 armenta
987 3309 1167 3358 gregesque:
1185 3296 1257 3360 herde

308 3376 366 3424 and
370 3377 458 3440 flockn
484 3376 524 3425 62.
536 3376 690 3426 horridus:
704 3393 740 3425 an
750 3378 859 3425 uncauth
870 3379 1136 3428 raaia—observo
1149 3397 1154 3426 ε
1167 3379 1253 3428 watch.

307 3459 507 3508 —temeraria
518 3477 523 3507 :
546 3459 604 3506 rask
612 3458 676 3522 girl.
710 3458 749 3508 66.
768 3461 957 3509 concordant
968 3461 1082 3509 nervis:
1102 3478 1148 3509 are
1159 3477 1226 3525 srang
1234 3468 1257 3509 la

306 3541 472 3589 harmoniam
490 3543 576 3590 nausia.
622 3541 660 3589 68.
682 3554 794 3591 vacuo:
813 3545 895 3607 fancy
905 3544 971 3608 free.
1017 3542 1056 3603 69.
1075 3543 1184 3603 opifer:
1213 3543 1257 3592 the

307 3631 461 3687 component
478 3631 546 3687 parts
562 3623 612 3672 will
623 3624 680 3685 give
691 3624 735 3672 the
747 3625 873 3686 meaning.
909 3638 947 3689 71.
966 3625 1126 3674 sanabilis:
1147 3627 1256 3674 curable.

308 3719 346 3770 73.
364 3707 552 3755 locuturum:
571 3722 605 3754 sc.
620 3723 685 3755 eum.
721 3719 759 3770 74.
779 3707 969 3768 imperieota:
989 3707 1141 3772 unfinished,
1154 3708 1193 3758 ie.
1206 3726 1257 3758 un·

305 3788 370 3837 said.
406 3788 444 3853 76.
462 3788 554 3838 obvia
565 3788 701 3837 flamina:
722 3790 938 3852 opposingwinds.
