2996 4384
610 312 819 370 LUCRETIA

237 517 312 560 cum
329 495 438 560 subito
454 504 546 560 motu
563 517 682 578 saepes
698 506 863 560 tremuere
880 493 1040 558 sinistrae.

282 610 423 673 Rettulit
438 611 493 673 ille
509 609 643 691 gradus,
661 609 925 690 horrueruntque
941 628 1065 671 comae.

239 723 379 786 Pulcher
395 732 428 786 et
444 723 590 785 humano
606 723 710 785 maior
725 721 906 804 trabeaque
922 721 1061 785 decorus

179 849 211 900 30
283 836 446 898 Romulus
462 837 495 896 in
513 835 621 898 media
635 834 727 897 visus
743 835 861 897 adesse
875 835 929 902 via

238 958 271 1012 et
286 948 406 1012 dixisse
423 948 541 1012 simul:
560 947 732 1010 “Prohibe
749 948 863 1029 lugere
879 946 1027 1029 Quiritis,

281 1081 343 1125 nec
358 1062 483 1125 violent
500 1060 643 1124 lacrimis
659 1060 797 1123 numina
812 1069 926 1122 nostra
943 1059 1020 1122 suis.

238 1175 329 1237 Tura
345 1175 457 1238 ferant
471 1174 671 1256 placentque
683 1193 806 1236 novum
820 1173 876 1255 pia
888 1171 985 1235 turba
1001 1171 1187 1254 Quirinum,

281 1295 315 1350 et
330 1287 455 1368 patrias
471 1287 550 1349 artis
567 1285 783 1368 militiamque
800 1285 941 1351 colant.”

180 1415 211 1469 35
240 1399 350 1476 Iussit,
367 1409 401 1462 et
417 1398 450 1460 in
466 1398 575 1463 tenuis
591 1398 695 1478 oculis
711 1397 847 1461 evanuit
862 1417 965 1460 auras.

283 1512 455 1576 Convocat
470 1511 523 1574 hic
540 1510 856 1593 populos‘iussaque
871 1508 973 1573 verba
988 1510 1099 1572 refert.

231 1625 381 1706 'Templa
397 1611 459 1687 deo
475 1625 567 1699 fiunt,
584 1623 678 1687 collis
694 1643 826 1705 quoque
842 1623 949 1685 dictus
966 1621 1008 1684 ab
1024 1621 1079 1684 illo
1095 1630 1154 1698 est,

283 1747 317 1800 et
333 1738 482 1800 referunt
497 1737 578 1800 certi
594 1755 689 1798 sacra
704 1744 844 1817 paterna
860 1734 939 1798 dies.

647 1955 784 1980 ——000—

481 2116 649 2188 XXVll.
680 2116 961 2187 LUCRETIA

242 2297 394 2380 Cingitur
409 2299 535 2362 interea
553 2285 714 2361 Romanis
730 2297 845 2360 Ardea
861 2297 974 2378 signis,

284 2421 318 2475 et
332 2411 455 2492 patitur
471 2411 588 2491 longas
604 2409 777 2472 obsidione
793 2429 910 2471 moras

242 2526 333 2587 Dum
345 2533 451 2599 vacat,
463 2513 664 2587 et‘metuunt
680 2523 793 2585 hostes
809 2521 1014 2585 committere
1031 2542 1188 2603 pugnam,

285 2635 406 2699 luditur
421 2637 455 2697 in
472 2634 597 2710 castris,
616 2635 682 2700 otia
698 2635 793 2698 miles
809 2633 896 2715 agit;

199 2749 440 2831 5'Tarquinius
456 2747 583 2811 iuvenis
600 2747 707 2810 socios
724 2745 933 2829 dapibusque
949 2766 1106 2828 meroque

272 2861 412 2942 accipit.
461 2861 513 2922 Ex
528 2859 591 2922 illis
607 2880 687 2941 rege
703 2868 834 2922 creatus
850 2858 917 2921 ait:

243 2976 363 3037 “Dum
380 2994 440 3036 nos
456 2972 616 3036 sollicitos
632 2972 729 3054 pigro
744 2980 837 3035 tenet
851 2971 966 3034 Ardea
982 2970 1079 3047 bello,
1161 3017 1164 3025 .

284 3106 344 3149 nec
362 3085 438 3149 sinit
453 3086 495 3147 ad
512 3085 638 3166 patrios
655 3104 747 3146 arma
763 3083 887 3146 referre
904 3083 993 3159 deos,

240 3198 360 3281 ecquid
376 3197 410 3259 in
426 3196 533 3260 officio
550 3205 641 3259 torus
658 3205 709 3259 est
725 3195 879 3259 socialis?
926 3195 971 3258 Et
984 3194 1103 3278 ecquid

185 3337 214 3372 ιο
284 3309 480 3391 coniugibus
496 3310 617 3372 nostris
633 3317 749 3371 mutua
765 3327 844 3370 cura
860 3307 996 3370 sumus?
1008 3307 1025 3332 '³

241 3423 398 3506 Quisque
409 3442 503 3484 suam
520 3421 640 3484 laudat.
689 3420 814 3485 Studiis
831 3418 1012 3483 certamina
1027 3428 1188 3496 crescunt,

284 3545 318 3599 et
333 3537 441 3600 fervet
457 3534 561 3598 multo
578 3535 759 3616 linguaque
776 3551 898 3616 corque
915 3553 1015 3596 mero.

242 3643 357 3730 Surgit
369 3647 424 3711 'cui
440 3645 576 3710 dederat
592 3648 717 3709 clarum
735 3645 877 3712 Collatia
892 3666 1013 3710 nomen
1022 3667 1030 3722 ;
1122 3647 1136 3704 .’

286 3762 395 3824 “Non
411 3780 496 3843 opus
511 3768 563 3822 est
577 3757 695 3835 verbis,
713 3758 835 3823 credite
851 3758 980 3836 rebus‚'’
998 3759 1051 3822 ait.

409 3892 419 3928 1
