<?xml version="1.0" encoding="UTF-8"?>
<!DOCTYPE html PUBLIC "-//W3C//DTD XHTML 1.0 Transitional//EN"
    "http://www.w3.org/TR/xhtml1/DTD/xhtml1-transitional.dtd">
<html xmlns="http://www.w3.org/1999/xhtml" xml:lang="en" lang="en">
 <head>
  <title>
</title>
<meta http-equiv="Content-Type" content="text/html;charset=utf-8" />
  <meta name='ocr-system' content='tesseract 3.04.00' />
  <meta name='ocr-capabilities' content='ocr_page ocr_carea ocr_par ocr_line ocrx_word'/>
</head>
<body>
  <div class='ocr_page' id='page_1' title='image "./poemsovidselect01ovidgoog_0113.png"; bbox 0 0 2996 4384; ppageno 0'>
   <div class='ocr_carea' id='block_1_1' title="bbox 114 514 235 712">
    <p class='ocr_par' dir='ltr' id='par_1_1' title="bbox 114 514 235 712">
     <span class='ocr_line' id='line_1_1' title="bbox 114 514 235 564; baseline 0.033 -4"><span class='ocrx_word' id='word_1_1' title='bbox 114 514 235 564; x_wconf 72' lang='lat' dir='ltr'>Herculeo</span> 
     </span>
     <span class='ocr_line' id='line_1_2' title="bbox 114 590 189 649; baseline 0 -12"><span class='ocrx_word' id='word_1_2' title='bbox 114 590 189 649; x_wconf 71' lang='lat' dir='ltr'>alays</span> 
     </span>
     <span class='ocr_line' id='line_1_3' title="bbox 114 664 214 712; baseline 0.02 -2"><span class='ocrx_word' id='word_1_3' title='bbox 114 664 214 712; x_wconf 70' lang='lat' dir='ltr'>Roseus</span> 
     </span>
    </p>
   </div>
   <div class='ocr_carea' id='block_1_2' title="bbox 111 1540 231 1735">
    <p class='ocr_par' dir='ltr' id='par_1_2' title="bbox 111 1540 231 1735">
     <span class='ocr_line' id='line_1_4' title="bbox 112 1540 231 1588; baseline 0.017 -2"><span class='ocrx_word' id='word_1_4' title='bbox 112 1540 231 1588; x_wconf 71' lang='lat' dir='ltr'>Hercules</span> 
     </span>
     <span class='ocr_line' id='line_1_5' title="bbox 112 1616 183 1662; baseline 0.028 -2"><span class='ocrx_word' id='word_1_5' title='bbox 112 1616 183 1662; x_wconf 71' lang='lat' dir='ltr'>leudo</span> 
     </span>
     <span class='ocr_line' id='line_1_6' title="bbox 111 1689 161 1735; baseline 0.02 -1"><span class='ocrx_word' id='word_1_6' title='bbox 111 1689 161 1735; x_wconf 81' lang='lat' dir='ltr'>Iole</span> 
     </span>
    </p>
   </div>
   <div class='ocr_carea' id='block_1_3' title="bbox 111 1764 212 1823">
    <p class='ocr_par' dir='ltr' id='par_1_3' title="bbox 111 1764 212 1823">
     <span class='ocr_line' id='line_1_7' title="bbox 111 1764 212 1823; baseline -0.01 -12"><span class='ocrx_word' id='word_1_7' title='bbox 111 1764 212 1823; x_wconf 73' lang='lat' dir='ltr'>captivo</span> 
     </span>
    </p>
   </div>
   <div class='ocr_carea' id='block_1_4' title="bbox 110 2660 260 2796">
    <p class='ocr_par' dir='ltr' id='par_1_4' title="bbox 110 2660 260 2796">
     <span class='ocr_line' id='line_1_8' title="bbox 110 2660 252 2720; baseline 0.021 -15"><span class='ocrx_word' id='word_1_8' title='bbox 110 2660 252 2720; x_wconf 73' lang='lat' dir='ltr'>Deianira&#39;s</span> 
     </span>
     <span class='ocr_line' id='line_1_9' title="bbox 111 2735 260 2796; baseline 0 -14"><span class='ocrx_word' id='word_1_9' title='bbox 111 2735 260 2796; x_wconf 84' lang='lat' dir='ltr'>Perplexity</span> 
     </span>
    </p>
   </div>
   <div class='ocr_carea' id='block_1_5' title="bbox 311 325 1049 393">
    <p class='ocr_par' dir='ltr' id='par_1_5' title="bbox 311 325 1049 393">
     <span class='ocr_line' id='line_1_10' title="bbox 311 325 1049 393; baseline 0.003 -2"><span class='ocrx_word' id='word_1_10' title='bbox 311 325 354 392; x_wconf 88' lang='lat'>88</span> <span class='ocrx_word' id='word_1_11' title='bbox 515 334 766 392; x_wconf 89' lang='lat' dir='ltr'>SELECTIONS</span> <span class='ocrx_word' id='word_1_12' title='bbox 796 335 919 392; x_wconf 83' lang='lat' dir='ltr'><strong>FROM·</strong></span> <span class='ocrx_word' id='word_1_13' title='bbox 945 334 1049 393; x_wconf 92' lang='lat' dir='ltr'>OVID</span> 
     </span>
    </p>
   </div>
   <div class='ocr_carea' id='block_1_6' title="bbox 287 517 1316 831">
    <p class='ocr_par' dir='ltr' id='par_1_6' title="bbox 287 517 1316 831">
     <span class='ocr_line' id='line_1_11' title="bbox 309 517 1316 600; baseline 0.007 -21"><span class='ocrx_word' id='word_1_14' title='bbox 309 537 344 580; x_wconf 89' lang='lat' dir='ltr'>re</span> <span class='ocrx_word' id='word_1_15' title='bbox 360 517 488 599; x_wconf 91' lang='lat' dir='ltr'>probat,</span> <span class='ocrx_word' id='word_1_16' title='bbox 505 527 539 581; x_wconf 91' lang='lat' dir='ltr'>et</span> <span class='ocrx_word' id='word_1_17' title='bbox 556 517 656 581; x_wconf 90' lang='lat' dir='ltr'>missa</span> <span class='ocrx_word' id='word_1_18' title='bbox 672 518 834 599; x_wconf 84' lang='lat' dir='ltr'>fugientia</span> <span class='ocrx_word' id='word_1_19' title='bbox 850 528 945 600; x_wconf 88' lang='lat' dir='ltr'>terga</span> <span class='ocrx_word' id='word_1_20' title='bbox 960 519 1083 600; x_wconf 87' lang='lat' dir='ltr'>sagitta</span> <span class='ocrx_word' id='word_1_21' title='bbox 1286 533 1316 586; x_wconf 83' lang='lat'>²5</span> 
     </span>
     <span class='ocr_line' id='line_1_12' title="bbox 307 629 1178 713; baseline 0.002 -22"><span class='ocrx_word' id='word_1_22' title='bbox 307 629 425 694; x_wconf 86' lang='lat' dir='ltr'><strong>traicit.</strong></span> <span class='ocrx_word' id='word_1_23' title='bbox 473 629 635 694; x_wconf 87' lang='lat' dir='ltr'>Exstabat</span> <span class='ocrx_word' id='word_1_24' title='bbox 650 631 775 693; x_wconf 81' lang='lat' dir='ltr'>ferrum</span> <span class='ocrx_word' id='word_1_25' title='bbox 793 631 835 694; x_wconf 91' lang='lat' dir='ltr'>de</span> <span class='ocrx_word' id='word_1_26' title='bbox 852 638 988 713; x_wconf 87' lang='lat' dir='ltr'>pectore</span> <span class='ocrx_word' id='word_1_27' title='bbox 1003 631 1178 695; x_wconf 91' lang='lat' dir='ltr'>aduncum.</span> 
     </span>
     <span class='ocr_line' id='line_1_13' title="bbox 287 741 1256 831; baseline 0.003 -26"><span class='ocrx_word' id='word_1_28' title='bbox 287 743 407 826; x_wconf 76' lang='lat' dir='ltr'>¹Quod</span> <span class='ocrx_word' id='word_1_29' title='bbox 436 743 533 805; x_wconf 93' lang='lat' dir='ltr'>simul</span> <span class='ocrx_word' id='word_1_30' title='bbox 560 742 711 806; x_wconf 92' lang='lat' dir='ltr'>evulsum</span> <span class='ocrx_word' id='word_1_31' title='bbox 739 751 799 819; x_wconf 87' lang='lat' dir='ltr'>est,</span> <span class='ocrx_word' id='word_1_32' title='bbox 829 741 966 825; x_wconf 86' lang='lat' dir='ltr'>sanguis</span> <span class='ocrx_word' id='word_1_33' title='bbox 994 763 1053 825; x_wconf 91' lang='lat' dir='ltr'>per</span> <span class='ocrx_word' id='word_1_34' title='bbox 1080 753 1256 831; x_wconf 88' lang='lat' dir='ltr'>utrumque</span> 
     </span>
    </p>
   </div>
   <div class='ocr_carea' id='block_1_7' title="bbox 302 855 1316 3868">
    <p class='ocr_par' dir='ltr' id='par_1_7' title="bbox 305 855 1257 1163">
     <span class='ocr_line' id='line_1_14' title="bbox 394 855 544 918; baseline 0 -1"><span class='ocrx_word' id='word_1_35' title='bbox 394 855 544 918; x_wconf 87' lang='lat' dir='ltr'>foramen</span> 
     </span>
     <span class='ocr_line' id='line_1_15' title="bbox 305 966 1066 1035; baseline 0.003 -2"><span class='ocrx_word' id='word_1_36' title='bbox 305 967 440 1033; x_wconf 89' lang='lat' dir='ltr'>emicuit</span> <span class='ocrx_word' id='word_1_37' title='bbox 455 966 576 1030; x_wconf 88' lang='lat' dir='ltr'>mixtus</span> <span class='ocrx_word' id='word_1_38' title='bbox 594 967 737 1030; x_wconf 88' lang='lat' dir='ltr'>Lernaei</span> <span class='ocrx_word' id='word_1_39' title='bbox 751 966 829 1031; x_wconf 93' lang='lat' dir='ltr'>tabe</span> <span class='ocrx_word' id='word_1_40' title='bbox 844 967 972 1031; x_wconf 91' lang='lat' dir='ltr'>veneni.</span> <span class='ocrx_word' id='word_1_41' title='bbox 1064 1031 1066 1035; x_wconf 87' lang='lat'>.</span> 
     </span>
     <span class='ocr_line' id='line_1_16' title="bbox 307 1079 1257 1163; baseline 0.001 -19"><span class='ocrx_word' id='word_1_42' title='bbox 307 1080 440 1162; x_wconf 88' lang='lat' dir='ltr'>Excipit</span> <span class='ocrx_word' id='word_1_43' title='bbox 472 1081 560 1143; x_wconf 92' lang='lat' dir='ltr'>hunc</span> <span class='ocrx_word' id='word_1_44' title='bbox 594 1080 732 1142; x_wconf 90' lang='lat' dir='ltr'>Nessus.</span> <span class='ocrx_word' id='word_1_45' title='bbox 785 1080 933 1163; x_wconf 86' lang='lat' dir='ltr'>“Neque</span> <span class='ocrx_word' id='word_1_46' title='bbox 960 1079 1048 1144; x_wconf 93' lang='lat' dir='ltr'>enim</span> <span class='ocrx_word' id='word_1_47' title='bbox 1080 1081 1257 1145; x_wconf 89' lang='lat' dir='ltr'>moriemur</span> 
     </span>
    </p>

    <p class='ocr_par' dir='ltr' id='par_1_8' title="bbox 305 1191 1316 1500">
     <span class='ocr_line' id='line_1_17' title="bbox 393 1191 519 1269; baseline -0.008 -14"><span class='ocrx_word' id='word_1_48' title='bbox 393 1191 519 1269; x_wconf 91' lang='lat' dir='ltr'>inulti,”</span> 
     </span>
     <span class='ocr_line' id='line_1_18' title="bbox 306 1304 1316 1391; baseline 0.001 -23"><span class='ocrx_word' id='word_1_49' title='bbox 306 1325 419 1369; x_wconf 89' lang='lat' dir='ltr'>secum</span> <span class='ocrx_word' id='word_1_50' title='bbox 436 1305 490 1381; x_wconf 92' lang='lat' dir='ltr'>ait,</span> <span class='ocrx_word' id='word_1_51' title='bbox 508 1313 541 1368; x_wconf 89' lang='lat' dir='ltr'>et</span> <span class='ocrx_word' id='word_1_52' title='bbox 557 1304 664 1369; x_wconf 92' lang='lat' dir='ltr'>calido</span> <span class='ocrx_word' id='word_1_53' title='bbox 679 1305 845 1368; x_wconf 87' lang='lat' dir='ltr'>velamina</span> <span class='ocrx_word' id='word_1_54' title='bbox 861 1305 964 1369; x_wconf 89' lang='lat' dir='ltr'>tincta</span> <span class='ocrx_word' id='word_1_55' title='bbox 980 1325 1097 1369; x_wconf 88' lang='lat' dir='ltr'>cruore</span> <span class='ocrx_word' id='word_1_56' title='bbox 1285 1341 1316 1391; x_wconf 86' lang='lat'>3⁰</span> 
     </span>
     <span class='ocr_line' id='line_1_19' title="bbox 305 1403 1077 1500; baseline 0.001 -21"><span class='ocrx_word' id='word_1_57' title='bbox 305 1418 364 1480; x_wconf 92' lang='lat' dir='ltr'>dat</span> <span class='ocrx_word' id='word_1_58' title='bbox 379 1437 500 1480; x_wconf 90' lang='lat' dir='ltr'>munus</span> <span class='ocrx_word' id='word_1_59' title='bbox 515 1427 632 1500; x_wconf 88' lang='lat' dir='ltr'>raptae</span> <span class='ocrx_word' id='word_1_60' title='bbox 647 1416 739 1480; x_wconf 92' lang='lat' dir='ltr'>velut</span> <span class='ocrx_word' id='word_1_61' title='bbox 754 1403 931 1480; x_wconf 91' lang='lat' dir='ltr'>inritamen</span> <span class='ocrx_word' id='word_1_62' title='bbox 947 1416 1077 1480; x_wconf 87' lang='lat' dir='ltr'>amoris.</span> 
     </span>
    </p>

    <p class='ocr_par' dir='ltr' id='par_1_9' title="bbox 352 1529 1243 1612">
     <span class='ocr_line' id='line_1_20' title="bbox 352 1529 1243 1612; baseline 0 -19"><span class='ocrx_word' id='word_1_63' title='bbox 352 1531 471 1612; x_wconf 86' lang='lat' dir='ltr'>Longa</span> <span class='ocrx_word' id='word_1_64' title='bbox 487 1529 551 1593; x_wconf 81' lang='lat' dir='ltr'>luit</span> <span class='ocrx_word' id='word_1_65' title='bbox 563 1529 663 1593; x_wconf 91' lang='lat' dir='ltr'>medii</span> <span class='ocrx_word' id='word_1_66' title='bbox 679 1550 771 1592; x_wconf 92' lang='lat' dir='ltr'>mora</span> <span class='ocrx_word' id='word_1_67' title='bbox 787 1529 956 1611; x_wconf 91' lang='lat' dir='ltr'>temporis,</span> <span class='ocrx_word' id='word_1_68' title='bbox 973 1540 1113 1612; x_wconf 90' lang='lat' dir='ltr'>actaque</span> <span class='ocrx_word' id='word_1_69' title='bbox 1130 1530 1243 1612; x_wconf 85' lang='lat' dir='ltr'>magni</span> 
     </span>
    </p>

    <p class='ocr_par' dir='ltr' id='par_1_10' title="bbox 303 1627 1314 2853">
     <span class='ocr_line' id='line_1_21' title="bbox 309 1627 1172 1725; baseline 0 -19"><span class='ocrx_word' id='word_1_70' title='bbox 309 1627 464 1706; x_wconf 89' lang='lat' dir='ltr'>Herculis</span> <span class='ocrx_word' id='word_1_71' title='bbox 480 1642 658 1723; x_wconf 90' lang='lat' dir='ltr'>implerant</span> <span class='ocrx_word' id='word_1_72' title='bbox 674 1652 788 1719; x_wconf 89' lang='lat' dir='ltr'>terras,</span> <span class='ocrx_word' id='word_1_73' title='bbox 805 1641 985 1725; x_wconf 89' lang='lat' dir='ltr'>odiumque</span> <span class='ocrx_word' id='word_1_74' title='bbox 1001 1662 1172 1706; x_wconf 91' lang='lat' dir='ltr'>novercae.</span> 
     </span>
     <span class='ocr_line' id='line_1_22' title="bbox 307 1753 1075 1836; baseline 0 -17"><span class='ocrx_word' id='word_1_75' title='bbox 307 1756 422 1819; x_wconf 87' lang='lat' dir='ltr'>Victor</span> <span class='ocrx_word' id='word_1_76' title='bbox 437 1755 479 1818; x_wconf 91' lang='lat' dir='ltr'>ab</span> <span class='ocrx_word' id='word_1_77' title='bbox 497 1755 659 1820; x_wconf 86' lang='lat' dir='ltr'>Oechalia</span> <span class='ocrx_word' id='word_1_78' title='bbox 675 1755 808 1820; x_wconf 92' lang='lat' dir='ltr'>Cenaeo</span> <span class='ocrx_word' id='word_1_79' title='bbox 824 1775 919 1818; x_wconf 91' lang='lat' dir='ltr'>sacra</span> <span class='ocrx_word' id='word_1_80' title='bbox 935 1753 1075 1836; x_wconf 88' lang='lat' dir='ltr'>parabat</span> 
     </span>
     <span class='ocr_line' id='line_1_23' title="bbox 306 1866 1314 1950; baseline 0 -19"><span class='ocrx_word' id='word_1_81' title='bbox 306 1878 383 1931; x_wconf 88' lang='lat' dir='ltr'>vota</span> <span class='ocrx_word' id='word_1_82' title='bbox 400 1869 480 1944; x_wconf 89' lang='lat' dir='ltr'>lovi,</span> <span class='ocrx_word' id='word_1_83' title='bbox 498 1888 573 1931; x_wconf 93' lang='lat' dir='ltr'>cum</span> <span class='ocrx_word' id='word_1_84' title='bbox 590 1868 681 1930; x_wconf 81' lang='lat' dir='ltr'>lama</span> <span class='ocrx_word' id='word_1_85' title='bbox 697 1867 817 1950; x_wconf 84' lang='lat' dir='ltr'>loquax</span> <span class='ocrx_word' id='word_1_86' title='bbox 833 1866 1014 1949; x_wconf 90' lang='lat' dir='ltr'>praecessit</span> <span class='ocrx_word' id='word_1_87' title='bbox 1030 1867 1072 1930; x_wconf 93' lang='lat' dir='ltr'>ad</span> <span class='ocrx_word' id='word_1_88' title='bbox 1089 1867 1186 1945; x_wconf 91' lang='lat' dir='ltr'>auris,</span> <span class='ocrx_word' id='word_1_89' title='bbox 1284 1892 1314 1945; x_wconf 81' lang='lat'>35</span> 
     </span>
     <span class='ocr_line' id='line_1_24' title="bbox 307 1979 1025 2063; baseline -0.003 -19"><span class='ocrx_word' id='word_1_90' title='bbox 307 1981 475 2056; x_wconf 72' lang='lat' dir='ltr'>Deianira,</span> <span class='ocrx_word' id='word_1_91' title='bbox 493 1990 576 2057; x_wconf 91' lang='lat' dir='ltr'>tuas,</span> <span class='ocrx_word' id='word_1_92' title='bbox 594 2000 679 2063; x_wconf 89' lang='lat' dir='ltr'>quae</span> <span class='ocrx_word' id='word_1_93' title='bbox 695 1979 782 2044; x_wconf 91' lang='lat' dir='ltr'>veris</span> <span class='ocrx_word' id='word_1_94' title='bbox 798 1980 922 2042; x_wconf 90' lang='lat' dir='ltr'>addere</span> <span class='ocrx_word' id='word_1_95' title='bbox 938 1979 1025 2042; x_wconf 85' lang='lat' dir='ltr'>falsa</span> 
     </span>
     <span class='ocr_line' id='line_1_25' title="bbox 304 2091 1141 2175; baseline 0.001 -20"><span class='ocrx_word' id='word_1_96' title='bbox 304 2093 428 2175; x_wconf 85' lang='lat' dir='ltr'>gaudet</span> <span class='ocrx_word' id='word_1_97' title='bbox 443 2102 477 2157; x_wconf 91' lang='lat' dir='ltr'>et</span> <span class='ocrx_word' id='word_1_98' title='bbox 493 2113 511 2156; x_wconf 88' lang='lat' dir='ltr'>e</span> <span class='ocrx_word' id='word_1_99' title='bbox 527 2092 663 2156; x_wconf 92' lang='lat' dir='ltr'>minimo</span> <span class='ocrx_word' id='word_1_100' title='bbox 681 2113 740 2156; x_wconf 94' lang='lat' dir='ltr'>sua</span> <span class='ocrx_word' id='word_1_101' title='bbox 757 2113 817 2175; x_wconf 91' lang='lat' dir='ltr'>per</span> <span class='ocrx_word' id='word_1_102' title='bbox 833 2092 1006 2156; x_wconf 87' lang='lat' dir='ltr'>mendacia</span> <span class='ocrx_word' id='word_1_103' title='bbox 1022 2091 1141 2157; x_wconf 89' lang='lat' dir='ltr'>crescit</span> 
     </span>
     <span class='ocr_line' id='line_1_26' title="bbox 305 2204 1004 2291; baseline 0 -23"><span class='ocrx_word' id='word_1_104' title='bbox 305 2204 632 2291; x_wconf 90' lang='lat' dir='ltr'>Amphitryoniaden</span> <span class='ocrx_word' id='word_1_105' title='bbox 650 2206 739 2269; x_wconf 90' lang='lat' dir='ltr'>Ioles</span> <span class='ocrx_word' id='word_1_106' title='bbox 755 2206 874 2268; x_wconf 90' lang='lat' dir='ltr'>ardore</span> <span class='ocrx_word' id='word_1_107' title='bbox 890 2205 1004 2268; x_wconf 90' lang='lat' dir='ltr'>teneri.</span> 
     </span>
     <span class='ocr_line' id='line_1_27' title="bbox 304 2317 1200 2401; baseline -0.001 -18"><span class='ocrx_word' id='word_1_108' title='bbox 304 2318 421 2383; x_wconf 88' lang='lat' dir='ltr'>Credit</span> <span class='ocrx_word' id='word_1_109' title='bbox 436 2337 561 2394; x_wconf 90' lang='lat' dir='ltr'>amans,</span> <span class='ocrx_word' id='word_1_110' title='bbox 579 2317 776 2401; x_wconf 92' lang='lat' dir='ltr'>venerisque</span> <span class='ocrx_word' id='word_1_111' title='bbox 794 2338 901 2382; x_wconf 89' lang='lat' dir='ltr'>novae</span> <span class='ocrx_word' id='word_1_112' title='bbox 918 2320 1093 2401; x_wconf 91' lang='lat' dir='ltr'>perterrita</span> <span class='ocrx_word' id='word_1_113' title='bbox 1110 2319 1200 2382; x_wconf 80' lang='lat' dir='ltr'>lama</span> 
     </span>
     <span class='ocr_line' id='line_1_28' title="bbox 304 2430 1313 2514; baseline 0.006 -20"><span class='ocrx_word' id='word_1_114' title='bbox 304 2431 439 2494; x_wconf 91' lang='lat' dir='ltr'>indulsit</span> <span class='ocrx_word' id='word_1_115' title='bbox 456 2431 562 2513; x_wconf 93' lang='lat' dir='ltr'>primo</span> <span class='ocrx_word' id='word_1_116' title='bbox 579 2430 723 2494; x_wconf 88' lang='lat' dir='ltr'>lacrimis</span> <span class='ocrx_word' id='word_1_117' title='bbox 740 2431 917 2514; x_wconf 90' lang='lat' dir='ltr'>flendoque</span> <span class='ocrx_word' id='word_1_118' title='bbox 934 2432 1080 2496; x_wconf 88' lang='lat' dir='ltr'>dolorem</span> <span class='ocrx_word' id='word_1_119' title='bbox 1282 2453 1313 2500; x_wconf 87' lang='lat'>40</span> 
     </span>
     <span class='ocr_line' id='line_1_29' title="bbox 304 2531 1254 2628; baseline 0.001 -21"><span class='ocrx_word' id='word_1_120' title='bbox 304 2543 438 2607; x_wconf 89' lang='lat' dir='ltr'>diffudit</span> <span class='ocrx_word' id='word_1_121' title='bbox 448 2531 637 2606; x_wconf 86' lang='lat' dir='ltr'>miseranda</span> <span class='ocrx_word' id='word_1_122' title='bbox 647 2564 752 2606; x_wconf 91' lang='lat' dir='ltr'>suum.</span> <span class='ocrx_word' id='word_1_123' title='bbox 784 2546 863 2607; x_wconf 88' lang='lat' dir='ltr'>Mox</span> <span class='ocrx_word' id='word_1_124' title='bbox 873 2544 1001 2622; x_wconf 89' lang='lat' dir='ltr'>deinde,</span> <span class='ocrx_word' id='word_1_125' title='bbox 1015 2544 1130 2628; x_wconf 84' lang='lat' dir='ltr'>“Quid</span> <span class='ocrx_word' id='word_1_126' title='bbox 1142 2553 1254 2608; x_wconf 89' lang='lat' dir='ltr'>autem</span> 
     </span>
     <span class='ocr_line' id='line_1_30' title="bbox 303 2655 1170 2738; baseline 0.001 -19"><span class='ocrx_word' id='word_1_127' title='bbox 303 2657 421 2720; x_wconf 89' lang='lat' dir='ltr'>flemus</span> <span class='ocrx_word' id='word_1_128' title='bbox 432 2655 468 2718; x_wconf 89' lang='lat'>?”</span> <span class='ocrx_word' id='word_1_129' title='bbox 486 2657 540 2719; x_wconf 93' lang='lat' dir='ltr'>ait.</span> <span class='ocrx_word' id='word_1_130' title='bbox 589 2656 720 2738; x_wconf 90' lang='lat' dir='ltr'>“Virgo</span> <span class='ocrx_word' id='word_1_131' title='bbox 737 2656 881 2720; x_wconf 95' lang='lat' dir='ltr'>lacrimis</span> <span class='ocrx_word' id='word_1_132' title='bbox 899 2656 1074 2721; x_wconf 88' lang='lat' dir='ltr'>laetabitur</span> <span class='ocrx_word' id='word_1_133' title='bbox 1089 2659 1170 2721; x_wconf 90' lang='lat' dir='ltr'>istis.</span> 
     </span>
     <span class='ocr_line' id='line_1_31' title="bbox 303 2755 1253 2853; baseline 0.002 -21"><span class='ocrx_word' id='word_1_134' title='bbox 303 2755 399 2852; x_wconf 80' lang='lat' dir='ltr'>Quae</span> <span class='ocrx_word' id='word_1_135' title='bbox 423 2768 580 2850; x_wconf 93' lang='lat' dir='ltr'>quoniam</span> <span class='ocrx_word' id='word_1_136' title='bbox 604 2769 768 2846; x_wconf 85' lang='lat' dir='ltr'>adveniet,</span> <span class='ocrx_word' id='word_1_137' title='bbox 792 2770 1039 2852; x_wconf 91' lang='lat' dir='ltr'>properandum</span> <span class='ocrx_word' id='word_1_138' title='bbox 1063 2769 1253 2853; x_wconf 92' lang='lat' dir='ltr'>aliquidque</span> 
     </span>
    </p>

    <p class='ocr_par' dir='ltr' id='par_1_11' title="bbox 302 2880 1311 3640">
     <span class='ocr_line' id='line_1_32' title="bbox 390 2880 656 2958; baseline 0.008 -16"><span class='ocrx_word' id='word_1_139' title='bbox 390 2880 579 2944; x_wconf 90' lang='lat' dir='ltr'>novandum</span> <span class='ocrx_word' id='word_1_140' title='bbox 596 2890 656 2958; x_wconf 90' lang='lat' dir='ltr'>est,</span> 
     </span>
     <span class='ocr_line' id='line_1_33' title="bbox 302 2993 1250 3076; baseline -0.001 -18"><span class='ocrx_word' id='word_1_141' title='bbox 302 2996 381 3058; x_wconf 93' lang='lat' dir='ltr'>dum</span> <span class='ocrx_word' id='word_1_142' title='bbox 400 2994 476 3057; x_wconf 88' lang='lat' dir='ltr'>licet</span> <span class='ocrx_word' id='word_1_143' title='bbox 491 3002 524 3057; x_wconf 92' lang='lat' dir='ltr'>et</span> <span class='ocrx_word' id='word_1_144' title='bbox 540 2993 687 3056; x_wconf 91' lang='lat' dir='ltr'>nondum</span> <span class='ocrx_word' id='word_1_145' title='bbox 699 2995 869 3059; x_wconf 91' lang='lat' dir='ltr'>thalamos</span> <span class='ocrx_word' id='word_1_146' title='bbox 885 3005 977 3076; x_wconf 80' lang='lat' dir='ltr'>tenet</span> <span class='ocrx_word' id='word_1_147' title='bbox 992 2995 1095 3060; x_wconf 89' lang='lat' dir='ltr'>altera</span> <span class='ocrx_word' id='word_1_148' title='bbox 1110 3003 1250 3059; x_wconf 80' lang='lat' dir='ltr'>nostros</span> 
     </span>
     <span class='ocr_line' id='line_1_34' title="bbox 303 3106 1311 3192; baseline 0.004 -21"><span class='ocrx_word' id='word_1_149' title='bbox 303 3108 545 3188; x_wconf 90' lang='lat' dir='ltr'>Conqueraran</span> <span class='ocrx_word' id='word_1_150' title='bbox 559 3106 693 3170; x_wconf 89' lang='lat' dir='ltr'>sileam?</span> <span class='ocrx_word' id='word_1_151' title='bbox 715 3109 878 3189; x_wconf 88' lang='lat' dir='ltr'>Repetam</span> <span class='ocrx_word' id='word_1_152' title='bbox 891 3108 1071 3192; x_wconf 90' lang='lat' dir='ltr'>Calydona,</span> <span class='ocrx_word' id='word_1_153' title='bbox 1082 3107 1253 3171; x_wconf 87' lang='lat' dir='ltr'>moreme?</span> <span class='ocrx_word' id='word_1_154' title='bbox 1280 3123 1311 3176; x_wconf 85' lang='grc'>45</span> 
     </span>
     <span class='ocr_line' id='line_1_35' title="bbox 304 3219 1192 3303; baseline 0.001 -21"><span class='ocrx_word' id='word_1_155' title='bbox 304 3220 472 3283; x_wconf 85' lang='lat' dir='ltr'>Excedam</span> <span class='ocrx_word' id='word_1_156' title='bbox 489 3219 607 3283; x_wconf 88' lang='lat' dir='ltr'>tectis?</span> <span class='ocrx_word' id='word_1_157' title='bbox 648 3221 714 3297; x_wconf 85' lang='lat' dir='ltr'>An,</span> <span class='ocrx_word' id='word_1_158' title='bbox 732 3221 759 3282; x_wconf 89' lang='lat' dir='ltr'>si</span> <span class='ocrx_word' id='word_1_159' title='bbox 776 3220 856 3283; x_wconf 94' lang='lat' dir='ltr'>nihil</span> <span class='ocrx_word' id='word_1_160' title='bbox 872 3221 1025 3303; x_wconf 93' lang='lat' dir='ltr'>amplius,</span> <span class='ocrx_word' id='word_1_161' title='bbox 1041 3220 1192 3283; x_wconf 89' lang='lat' dir='ltr'>obstem?</span> 
     </span>
     <span class='ocr_line' id='line_1_36' title="bbox 303 3331 1222 3415; baseline -0.001 -21"><span class='ocrx_word' id='word_1_162' title='bbox 303 3331 393 3415; x_wconf 88' lang='lat' dir='ltr'>Quid</span> <span class='ocrx_word' id='word_1_163' title='bbox 410 3332 438 3395; x_wconf 94' lang='lat' dir='ltr'>si</span> <span class='ocrx_word' id='word_1_164' title='bbox 455 3352 517 3408; x_wconf 86' lang='lat' dir='ltr'>me,</span> <span class='ocrx_word' id='word_1_165' title='bbox 538 3333 717 3413; x_wconf 85' lang='lat' dir='ltr'>Meleagre‚</span> <span class='ocrx_word' id='word_1_166' title='bbox 736 3342 826 3394; x_wconf 88' lang='lat' dir='ltr'>tuam</span> <span class='ocrx_word' id='word_1_167' title='bbox 844 3353 970 3396; x_wconf 89' lang='lat' dir='ltr'>memor</span> <span class='ocrx_word' id='word_1_168' title='bbox 986 3353 1059 3396; x_wconf 91' lang='lat' dir='ltr'>esse</span> <span class='ocrx_word' id='word_1_169' title='bbox 1076 3352 1222 3396; x_wconf 91' lang='lat' dir='ltr'>sororem</span> 
     </span>
     <span class='ocr_line' id='line_1_37' title="bbox 302 3445 1145 3527; baseline 0 -19"><span class='ocrx_word' id='word_1_170' title='bbox 302 3447 389 3509; x_wconf 88' lang='lat' dir='ltr'>forte</span> <span class='ocrx_word' id='word_1_171' title='bbox 406 3466 487 3527; x_wconf 89' lang='lat' dir='ltr'>paro</span> <span class='ocrx_word' id='word_1_172' title='bbox 503 3445 643 3520; x_wconf 85' lang='lat' dir='ltr'>facinus,</span> <span class='ocrx_word' id='word_1_173' title='bbox 661 3453 887 3527; x_wconf 88' lang='lat' dir='ltr'>quantumque</span> <span class='ocrx_word' id='word_1_174' title='bbox 904 3445 1023 3507; x_wconf 90' lang='lat' dir='ltr'>iniuria</span> <span class='ocrx_word' id='word_1_175' title='bbox 1039 3446 1145 3526; x_wconf 89' lang='lat' dir='ltr'>possit</span> 
     </span>
     <span class='ocr_line' id='line_1_38' title="bbox 302 3556 1121 3640; baseline -0.004 -19"><span class='ocrx_word' id='word_1_176' title='bbox 302 3558 534 3640; x_wconf 81' lang='lat' dir='ltr'>femineusque</span> <span class='ocrx_word' id='word_1_177' title='bbox 549 3556 643 3620; x_wconf 93' lang='lat' dir='ltr'>dolor</span> <span class='ocrx_word' id='word_1_178' title='bbox 659 3558 807 3639; x_wconf 84' lang='lat' dir='ltr'>iugulata</span> <span class='ocrx_word' id='word_1_179' title='bbox 821 3557 950 3639; x_wconf 88' lang='lat' dir='ltr'>virgine</span> <span class='ocrx_word' id='word_1_180' title='bbox 966 3565 1070 3620; x_wconf 85' lang='lat' dir='ltr'>testor</span> <span class='ocrx_word' id='word_1_181' title='bbox 1081 3556 1093 3619; x_wconf 88' lang='lat'>?</span> <span class='ocrx_word' id='word_1_182' title='bbox 1104 3557 1121 3583; x_wconf 87' lang='lat'>&#39;’</span> 
     </span>
    </p>

    <p class='ocr_par' dir='ltr' id='par_1_12' title="bbox 346 3668 1312 3749">
     <span class='ocr_line' id='line_1_39' title="bbox 346 3668 1312 3749; baseline -0.002 -15"><span class='ocrx_word' id='word_1_183' title='bbox 346 3671 387 3734; x_wconf 95' lang='lat' dir='ltr'>In</span> <span class='ocrx_word' id='word_1_184' title='bbox 404 3690 520 3734; x_wconf 92' lang='lat' dir='ltr'>cursus</span> <span class='ocrx_word' id='word_1_185' title='bbox 537 3669 668 3732; x_wconf 91' lang='lat' dir='ltr'>animus</span> <span class='ocrx_word' id='word_1_186' title='bbox 684 3669 792 3731; x_wconf 90' lang='lat' dir='ltr'>varios</span> <span class='ocrx_word' id='word_1_187' title='bbox 809 3668 895 3745; x_wconf 84' lang='lat' dir='ltr'>abit3</span> <span class='ocrx_word' id='word_1_188' title='bbox 920 3668 1073 3732; x_wconf 90' lang='lat' dir='ltr'>omnibus</span> <span class='ocrx_word' id='word_1_189' title='bbox 1088 3668 1152 3732; x_wconf 92' lang='lat' dir='ltr'>illis</span> <span class='ocrx_word' id='word_1_190' title='bbox 1282 3693 1312 3749; x_wconf 79' lang='lat'>50</span> 
     </span>
    </p>

    <p class='ocr_par' dir='ltr' id='par_1_13' title="bbox 302 3780 1107 3868">
     <span class='ocr_line' id='line_1_40' title="bbox 302 3780 1107 3868; baseline -0.002 -22"><span class='ocrx_word' id='word_1_191' title='bbox 302 3782 459 3868; x_wconf 89' lang='lat' dir='ltr'>praetulit</span> <span class='ocrx_word' id='word_1_192' title='bbox 475 3782 637 3847; x_wconf 92' lang='lat' dir='ltr'>imbutam</span> <span class='ocrx_word' id='word_1_193' title='bbox 655 3781 784 3844; x_wconf 90' lang='lat' dir='ltr'>Nesseo</span> <span class='ocrx_word' id='word_1_194' title='bbox 800 3780 962 3862; x_wconf 87' lang='lat' dir='ltr'>sanguine</span> <span class='ocrx_word' id='word_1_195' title='bbox 979 3790 1107 3844; x_wconf 89' lang='lat' dir='ltr'>vestem</span> 
     </span>
    </p>
   </div>
   <div class='ocr_carea' id='block_1_8' title="bbox 0 0 1502 4384">
    <p class='ocr_par' dir='ltr' id='par_1_14' title="bbox 0 0 1502 4384">
     <span class='ocr_line' id='line_1_41' title="bbox 0 0 1502 4384; baseline 0 3"><span class='ocrx_word' id='word_1_196' title='bbox 0 0 1502 4384; x_wconf 95' lang='lat' dir='ltr'> </span> 
     </span>
    </p>
   </div>
  </div>
 </body>
</html>
