2996 4384
324 316 390 386 116
529 327 779 384 snuucrrous
810 325 927 383 raom
958 325 1062 383 ovu)

320 512 351 576 O
368 513 493 574 utinam
510 519 581 574 tum
598 531 673 574 cum
692 510 948 574 Lacedaemona
964 510 1071 572 classe
1087 507 1231 590 petebat
1269 565 1271 570 s

362 623 499 687 obrutus
515 625 642 687 insanis
658 633 746 688 esset
763 623 892 686 adulter
909 621 1021 703 aquis!

320 736 393 798 Nec
409 736 490 798 mihi
506 737 677 818 quaerenti
693 735 874 818 spatiosam
892 735 1009 797 fallere
1025 743 1157 797 noctem
1174 789 1176 794 ,

362 845 520 908 lassasset
535 843 652 907 viduas
668 844 815 925 pendula
831 845 897 907 tela
914 864 1040 908 manus.

320 957 463 1041 Quando
479 977 543 1037 ego
559 977 625 1019 non
641 956 736 1019 timui
751 956 904 1038 graviora
921 956 1068 1039 pericula
1082 958 1193 1022 veris?

364 1073 435 1134 Res
448 1079 499 1133 est
515 1069 644 1133 solliciti
660 1068 761 1151 plena
776 1069 903 1132 timoris
919 1089 1020 1133 amor.
1119 1073 1122 1079 '
1169 1073 1172 1077 ’

319 1185 360 1248 In
376 1193 410 1247 te
426 1182 594 1264 fingebam
610 1181 773 1245 violentos
788 1183 896 1245 Troas
913 1182 1035 1259 ituros;

361 1297 496 1360 nomine
512 1297 545 1357 in
564 1296 733 1358 Hectoreo
750 1295 874 1376 pallida
890 1315 1021 1376 semper
1037 1315 1136 1358 eram.

319 1408 396 1474 Sive
413 1408 486 1490 quis
502 1407 722 1471 Antilochum
738 1406 895 1470 narrabat
911 1407 953 1470 ab
971 1408 1118 1470 Hectore
1134 1409 1266 1485 victum,

362 1521 565 1584 Antilochus
581 1519 685 1583 nostri
700 1540 801 1583 causa
817 1519 948 1606 timoris¹
958 1529 1047 1596 erat;

318 1633 387 1697 sive
406 1633 641 1697 Menoetiaden
659 1632 753 1695 falsis
770 1632 928 1707 cecidisse
945 1631 1007 1695 sub
1024 1632 1133 1709 armis,

361 1747 482 1810 flebam
499 1765 655 1809 successu
671 1765 771 1827 posse
787 1764 900 1808 carere
917 1744 1019 1808 dolos.

319 1858 490 1940 Sanguine
506 1857 721 1948 Tlepolemus
740 1857 877 1941 Lyciam
895 1859 1100 1940 tepefecerat
1117 1860 1267 1936 hastam;

361 1972 547 2052 Tlepolemi
564 1971 629 2034 leto
645 1990 724 2033 cura
740 1979 862 2033 novata
879 1990 953 2033 mea
969 1980 1029 2034 est.

273 2137 275 2143 ,
319 2084 485 2166 Denique,
503 2083 651 2166 quisquis
668 2091 740 2146 erat
755 2083 872 2146 castris
888 2083 1057 2165 iugulatus
1074 2083 1223 2162 Achivis,

361 2196 514 2278 frigidius
530 2196 637 2277 glacie
654 2204 771 2277 pectus
788 2197 931 2258 amantis
946 2204 1028 2259 erat.

319 2309 386 2374 Sed
401 2307 488 2372 bene
505 2308 670 2372 consuluit
686 2317 778 2371 casto
795 2309 877 2372 deus
894 2328 1020 2391 aequus
1036 2295 1149 2372 amori.

361 2423 468 2485 Versa
484 2430 535 2484 est
551 2420 585 2483 in
602 2407 730 2484 cineres
746 2421 872 2503 sospite
888 2422 988 2484 Troia
1003 2421 1083 2485 viro.

318 2534 469 2615 Argolici
484 2533 612 2596 rediere
628 2533 740 2608 duces,
762 2533 878 2596 altaria
894 2528 1034 2610 fumant,

362 2646 495 2728 ponitur
511 2646 553 2708 ad
569 2645 694 2726 patrios
710 2644 853 2710 barbara
869 2647 994 2729 praeda
1009 2647 1098 2711 deos

318 2761 422 2823 Grata
437 2760 550 2822 ferunt
566 2758 735 2842 nymphae
752 2779 812 2841 pro
829 2759 928 2822 salvis
944 2759 1032 2823 dona
1048 2759 1191 2838 maritis;

361 2871 408 2933 illi
422 2873 510 2934 victa
526 2870 594 2933 suis
610 2871 730 2934 Troica
748 2871 819 2934 lata
835 2881 967 2934 canunt.

321 2983 486 3048 Mirantur
501 2982 759 3064 iustiquesenes
776 2984 992 3066 trepidaeque
1008 2984 1148 3067 puellae,

362 3096 527 3158 narrantis
544 3097 688 3159 coniunx
705 3096 830 3178 pendet
845 3097 887 3160 ab
904 3117 959 3160 ore
975 3096 1044 3159 viri.

319 3209 433 3290 Atque
450 3207 568 3290 aliquis
584 3209 693 3290 posita
709 3217 872 3271 monstrat
889 3209 961 3271 fera
977 3210 1103 3290 proelia
1119 3229 1242 3286 mensa,

362 3320 470 3402 pingit
486 3330 520 3384 et
536 3320 654 3401 exiguo
673 3322 835 3401 Pergama
851 3329 920 3383 tota
937 3342 1045 3384 mero:

321 3435 426 3496 “Hac
443 3433 511 3495 ibat
529 3433 657 3509 Simois
676 3434 738 3496 hac
756 3442 806 3495 est
823 3433 936 3513 Sigeia
951 3433 1057 3509 tellus,

362 3545 416 3609 hic
433 3554 570 3608 steterat
588 3545 708 3626 Priami
724 3545 816 3626 regia
831 3547 921 3608 celsa
937 3545 1044 3621 senis;

318 3658 384 3721 illic
401 3657 576 3732 Aeacides
593 3657 660 3720 illic
675 3657 834 3721 tendebat
852 3657 986 3732 Ulixes;

363 3770 416 3834 hic
434 3769 543 3832 alacer
558 3768 677 3832 missos
693 3769 810 3832 terruit
827 3770 955 3832 Hector
972 3769 1105 3851 equos”

1312 520 1325 573 5

1305 801 1308 806 .
1383 767 1426 810 rra

1300 1094 1328 1129 10

1298 1649 1327 1702 Ι5

1296 2215 1326 2250 20

1296 2779 1326 2831 25

1296 3343 1325 3393 30
